2356 4282
425 500 692 563 Sonnonnsunas.

60 675 111 728 1³5
128 666 301 727 Hominem
322 666 399 730 facit
420 689 473 732 155
494 691 555 730 una
576 671 759 754 contiguum
782 671 862 745 Deo,

129 767 267 832 Servare
288 770 404 852 lapsos.
450 772 547 832 Sume
568 792 627 833 nos
648 793 748 834 nexos
770 771 839 846 tibi,

127 870 222 931 Hunc
244 885 355 952 patera
378 872 437 933 sub
459 892 523 955 quo
545 872 637 946 sedit,
660 888 693 935 51
714 872 831 936 fratres
854 873 978 939 decem.

127 972 190 1032 Ios.
211 975 282 1033 Mos
304 972 359 1034 ille
381 974 496 1036 multos
516 973 617 1035 tenuit
638 988 671 1036 51
691 974 809 1038 multos
830 990 920 1039 tenet

128 1073 270 1153 Populos
291 1074 353 1135 Eoi
377 1075 516 1158 generis,
539 1089 574 1138 nt
593 1096 713 1157 poenas
735 1089 842 1139 vetent

59 1175 214 1234 uolnera
236 1188 389 1235 nocentes
410 1188 503 1250 stare,
529 1174 586 1237 sed
608 1176 756 1258 contagio

128 1275 239 1336 Patres
261 1273 385 1349 eodem,
409 1275 543 1349 liberos,
563 1276 680 1339 fratres
702 1278 836 1353 11511551,

128 1378 169 1438 Et
190 1377 331 1460 quinque
353 1377 466 1459 culpae
487 1399 552 1438 non
574 1398 648 1439 suae
670 1380 833 1442 involvant
854 1378 976 1443 domos.

127 1482 180 1539 Me
202 1478 352 1560 praeside
375 1478 460 1540 aliud
482 1479 532 1541 ins
553 1480 587 1539 in
609 1483 756 1563 Aegypto
778 1481 877 1565 viget,

127 1581 169 1640 Et
190 1593 224 1640 nt
243 1599 304 1662 per
326 1599 437 1641 omncs
459 1579 563 1663 vigeat
584 1593 713 1656 aetates,
737 1601 866 1662 precor.

59 1687 109 1740 115
129 1677 199 1740 Sibi
221 1679 356 1762 quisque
377 1694 505 1762 peccat:
527 1680 656 1764 longius
677 1701 743 1742 nun
762 1681 788 1743 it
809 1695 922 1757 metus,

128 1781 230 1875 Quam
250 1779 391 1842 facinus:
414 1780 530 1843 haeres
552 1802 647 1843 nemu
670 1781 838 1866 suppliciis
860 1784 957 1846 venit.

128 1885 162 1943 ln
186 1903 249 1964 quo
271 1897 436 1964 repertum
460 1896 508 1944 est
528 1882 661 1957 crimen,
686 1883 715 1944 is
738 1904 850 1946 servus
871 1904 976 1947 mcum

128 1983 235 2045 {nius
258 1983 354 2044 abito.
400 1983 528 2044 Caeteri
551 1985 707 2046 immunes
729 1985 812 2048 malo

126 2084 286 2165 Repetite,
309 2082 364 2165 qui
386 2104 443 2145 vos
464 2083 575 2145 avidus
597 2098 768 2167 exspectat,
790 2100 924 2169 patrem.

55 2197 109 2248 150
126 2187 197 2247 11111.
218 2185 405 2280 Quanquam
426 2184 516 2266 loqui
537 2205 589 2245 me
610 2198 713 2247 terret
734 2200 766 2248 51
787 2199 1024 2260 necteremus,

125 2290 168 2349 Et
189 2287 256 2349 cris
277 2285 357 2346 illud
379 2285 542 2368 specimen
563 2302 729 2368 augustum
746 2286 792 2348 tui

125 2389 210 2472 Regi
233 2385 417 2460 secundum,
439 2386 467 2448 si
490 2386 577 2450 vales
599 2387 632 2446 in
654 2407 714 2448 nus
736 2408 850 2470 graves

126 2488 332 2572 suspendere
355 2490 429 2562 iras,
453 2506 552 2569 panca
575 2507 641 2548 non
662 2485 740 2549 dura
760 2508 881 2569 precor

125 2594 164 2652 Ut
185 2611 261 2652 aune
286 2590 392 2671 capias
413 2588 524 2660 verba,
549 2599 725 2661 contentus,
750 2588 850 2648 miser

55 2707 106 2758 155
127 2693 217 2787 Quae
239 2690 349 2763 fundo,
373 2689 431 2751 sed
450 2687 537 2771 quod
556 2686 596 2748 ad
616 2705 733 2768 preces
755 2687 830 2750 satis
854 2703 913 2764 est,
938 2689 1046 2754 homo.

126 2796 199 2891 Quo
221 2807 368 2874 tempore
390 2790 430 2853 ad
449 2805 480 2852 te
501 2788 604 2871 prima
626 2809 685 2850 nos
708 2787 797 2851 duxit
815 2788 926 2864 fames,

125 2893 340 2976 Interroganti
360 2905 469 2954 nostra
491 2889 648 2973 respondi
669 2888 739 2962 tibi,

125 3000 191 3058 Nos
212 3010 304 3077 patre
325 2993 454 3076 genitos
475 2991 531 3074 qui
553 3012 648 3072 supra
669 2989 822 3053 humanae
846 2989 975 3054 modum

126 3097 245 3161 Aetatis
268 3096 358 3158 annis
381 3094 529 3157 uinceret
550 3092 688 3153 saeclum
710 3109 818 3151 senex.

55 3205 106 3256 160
125 3197 174 3258 Illi
196 3218 267 3259 esse
289 3210 406 3267 natum,
427 3213 486 3254 nos
509 3190 621 3253 decem
643 3205 773 3273 praeter
794 3209 888 3263 novo,

127 3302 162 3359 ln
184 3297 382 3368 1151511155,
404 3293 554 3379 gaudium
577 3306 609 3354 51
629 3292 737 3354 lumen
757 3291 873 3374 patris:

126 3401 266 3495 Quippe,
293 3398 414 3460 editum
435 3394 595 3459 curricula
616 3414 688 3456 cum
710 3392 832 3455 circum
851 3390 961 3455 ultima

126 3502 219 3564 Senis
241 3501 305 3562 iret
327 3514 421 3573 aetas,
443 3497 548 3581 deque
570 3494 729 3580 genitrice
750 3493 891 3567 unicum,

127 3607 263 3665 Curense
284 3600 411 3683 pridem
432 3601 503 3662 luce
526 3618 622 3682 quem
644 3593 801 3681 quondam
826 3593 960 3657 alterum

774 3674 844 3744 14*
