2356 4282
518 457 666 521 Srsruast
1017 452 1060 524 27

131 635 209 695 Bar.
232 631 275 692 Ut
296 629 424 715 gravius
446 628 522 692 olim
544 628 676 692 caderet
696 650 735 691 ex
758 630 829 704 alto,
853 631 973 693 extulit.

134 735 199 798 Sis.
223 739 288 798 Tot
310 731 418 817 perdit
439 731 561 796 annos?
587 734 664 793 Bar.
689 732 788 793 Serus
811 733 925 795 ulcisci
947 733 1038 808 solet,

135 835 199 900 Sed
220 837 268 898 ira
289 849 414 920 tempus
434 849 557 919 pensat.
580 833 647 898 Sis.
670 837 764 896 Hunc
791 835 955 919 quisquam
977 835 1061 901 eolat

132 940 229 1003 Hosti
250 939 418 1014 laventem,
446 959 509 1022 quo
531 960 621 1000 suum
642 937 778 1021 perimat
800 936 923 1020 genus?

62 1050 114 1105 300
132 1045 210 1105 Bar.
235 1046 326 1105 Tune
349 1054 398 1103 est
419 1039 588 1114 timendus,
612 1060 682 1101 oum
705 1039 789 1102 lavet
810 1041 893 1102 sonti
917 1039 1005 1103 deus.

132 1144 200 1209 Sis.
226 1149 279 1206 Me
301 1143 417 1229 potius,
444 1150 480 1205 ut'
499 1142 544 1204 sic
566 1141 664 1205 libeat
686 1141 807 1218 ulcisci,
833 1142 949 1206 oderit.

131 1252 209 1311 Bar.
235 1245 359 1330 Exigua
381 1243 504 1330 quantis
526 1243 615 1306 lucra
636 1259 810 1328 pensantur
832 1243 945 1309 usalis?

131 1353 200 1415 Sis.
231 1350 265 1412 Si
281 1371 375 1436 quern
398 1348 452 1409 ille
475 1348 591 1411 vestris
610 1362 720 1431 posset
739 1348 899 1411 aerumnis
920 1347 1058 1425 modum,

131 1453 265 1517 Pridem
289 1449 452 1516 attulisset.
498 1451 574 1511 Bar.
599 1449 730 1512 Gratior
750 1452 878 1514 miseris
901 1452 986 1515 salus

60 1567 112 1621 305
132 1558 241 1641 Aegre
263 1555 438 1639 impetrata.
482 1552 551 1616 Sis.
576 1552 717 1615 Tristior
740 1553 821 1618 rotis
844 1553 900 1617 diu

131 1663 265 1722 Frustra
295 1658 444 1742 expetita.
489 1661 565 1719 Bor.
598 1660 676 1720 Post
698 1670 742 1720 tot
763 1656 900 1721 adventu
922 1658 1037 1722 ducum

133 1767 288 1848 Superata
310 1778 421 1827 nostro
444 1761 537 1839 bella,
567 1777 639 1845 post
661 1761 794 1826 scissum
816 1783 914 1839 mare,

131 1869 210 1931 Post
231 1889 330 1952 regna
351 1880 397 1929 tot
418 1864 589 1951 perfracta,
614 1850 773 1950 proruisse
794 1886 894 1951 genus

131 1973 167 2032 In
189 1969 266 2032 sede
287 1969 436 2053 positum,
459 1989 547 2032 cassa
570 1967 730 2052 praesidia
752 1967 893 2032 obiicis?

59 2081 113 2134 310
131 2074 200 2137 Sis.
223 2075 360 2133 Temere
380 2071 441 2134 ista
465 2069 556 2134 vobis
578 2093 688 2135 rumor
711 2069 833 2135 affinxit
855 2087 954 2136 vetus.

133 2179 210 2239 Bar.
233 2173 381 2237 Nondum
403 2173 505 2258 liquet
527 2173 567 2235 de
583 2173 735 2237 auctore?
757 2174 938 2254 Chusauum
953 2177 1059 2262 aspice

132 2281 174 2342 Et
196 2299 286 2341 smne
309 2277 430 2361 duplici
453 2275 594 2340 nobilem
617 2277 728 2357 Syriae
753 2277 865 2341 sinum.

135 2381 200 2444 Ubi
221 2378 317 2443 fortis
339 2377 471 2465 Eglou‘?
493 2380 545 2442 rel
568 2377 759 2442 Philistaeus
782 2383 874 2465 graui
955 2462 958 2467 ‚

133 2489 287 2546 Mactatur
312 2481 429 2544 Anathi
449 2481 605 2546 vomere?
648 2482 717 2545 Sis.
741 2481 933 2545 addidimus
955 2484 1058 2565 setis,

63 2595 113 2648 ³15
135 2587 241 2648 Aures
261 2584 422 2669 loquenti:
446 2583 569 2646 desine.
614 2585 772 2668 Experiar
793 2586 871 2650 deus
914 2578 916 2583 ¹

135 2687 224 2786 Quid
246 2701 353 2750 vester
376 2687 430 2749 ille
453 2687 564 2771 possit.
604 2689 681 2785 Iler.
705 2685 800 2750 Haud
821 2687 942 2751 frustra
963 2690 1056 2752 scies.

133 2792 203 2854 Sis.
227 2789 269 2852 Ar
287 2804 330 2863 te,
354 2791 494 2873 superbo
517 2803 624 2852 nostra
648 2789 702 2874 qui
724 2789 807 2851 fastu
828 2790 933 2851 minax

133 2893 224 2956 Ultro
249 2891 381 2954 lacessis
403 2890 486 2966 odia,
507 2891 670 2975 plebeium
693 2913 802 2976 genus,

135 2995 374 3077 Dominumque
396 3005 509 3071 terres,
537 2994 640 3057 nullus
663 2995 760 3058 exitio
784 2993 862 3061 ‹leus

67 3109 119 3162 320
137 3099 285 3159 Locusve
306 3094 420 3178 rapiet.
466 3100 564 3158 Tecta
588 3097 704 3159 cultori
725 3119 782 3160 suo

134 3197 255 3261 Iniecta
277 3219 351 3259 mox
373 3197 548 3260 communis
570 3198 714 3261 absumet
735 3221 843 3284 rogus.

133 3304 211 3365 Bar.
235 3299 365 3363 Audere
381 3314 563 3385 promptum
580 3314 764 3386 cermagna,
785 3301 918 3367 difficile
935 3303 1060 3389 exequi.

205 3549 243 3604 V.
262 3550 321 3604 314.
341 3543 386 3602 cf.
404 3543 467 3599 Aet.
486 3546 510 3611 1,
528 3550 569 3602 90.
