2356 4282
137 476 180 549 22
533 480 671 543 Porum

142 655 188 709 165
208 650 272 712 Aut
292 670 372 734 rege
389 649 495 712 minus
516 663 574 713 est.
619 652 686 713 Una
706 649 863 713 rictorem
887 650 976 713 iuvet

208 754 308 817 Dirae
330 753 422 814 ruina
443 753 558 836 gentis.
603 755 662 814 Ier.
687 752 781 814 Haud
804 753 914 835 culpes
935 753 1059 831 ducem,

207 855 244 917 Si
266 868 352 917 certa
371 855 477 917 noris:
502 855 606 916 maior
625 853 760 915 humana
782 853 907 916 indoles

206 960 369 1043 Coeloque
391 959 538 1042 propior.
583 957 695 1048 Qualis
716 971 768 1020 aut
788 958 901 1038 Cynthi
925 959 1009 1042 iugis

208 1061 381 1146 Gelidique
403 1062 491 1143 ripas
513 1075 647 1142 propter
666 1063 805 1123 Eurotae
828 1081 922 1122 soror

139 1171 189 1224 176
206 1165 357 1227 Phoebea
377 1163 531 1248 graditur.
575 1163 629 1224 llla
652 1162 783 1224 sublatis
803 1183 932 1246 gravem

206 1269 359 1331 Homeris
382 1265 563 1350 pharetram
585 1279 687 1351 gestat
707 1281 740 1331 ot
761 1279 825 1328 totu
847 1265 922 1327 deos

207 1369 343 1434 Cervius
366 1388 462 1451 supra
483 1383 547 1430 est:
571 1382 666 1452 gente
695 1367 742 1430 sic
764 1368 817 1428 illa
838 1367 957 1429 eminet

205 1474 325 1533 Potens
349 1470 382 1530 iu
404 1470 491 1532 omni
513 1471 637 1535 mulier.
659 1471 727 1534 Sis.
752 1474 786 1532 lu
800 1484 952 1554 promptu
969 1484 1019 1533 est
1038 1469 1128 1534 tides.

205 1574 374 1634 Praestare
394 1587 529 1656 quantus
551 1572 636 1634 inter
656 1573 787 1657 ignavos
810 1571 923 1634 labor?

142 1685 190 1739 176
206 1679 265 1738 Ier.
289 1674 383 1738 Haud
405 1676 465 1736 ista
487 1675 565 1736 tales
586 1696 686 1758 regne
708 1696 840 1737 sensere
863 1674 1009 1736 advenas.

205 1780 271 1843 Sis.
288 1779 361 1840 Hoc
373 1775 465 1840 hoste
477 1776 635 1840 metuam?
649 1780 708 1839 Ier.
722 1778 1013 1861 DocuitAegyptus
1024 1789 1129 1839 tamen

206 1884 306 1978 Quam
331 1881 370 1943 sit
392 1879 562 1942 timendus.
603 1879 671 1944 Sta.
693 1879 750 1941 Bis
771 1879 882 1941 decem
904 1879 1028 1941 interea
1050 1879 1128 1942 mihi

204 1985 386 2047 Famulotur
407 2003 516 2045 annos.
556 1985 615 2045 Ier.
640 1981 790 2044 Pluribus
811 1980 937 2044 Pharao
957 2003 1110 2066 premens

204 2087 361 2153 Obtinuit.
410 2087 496 2148 Hinc
519 2085 682 2148 Chusanus
706 2099 738 2147 et
757 2083 864 2147 Moabi
886 2105 1002 2146 recens

138 2200 186 2255 180
204 2193 368 2272 Regnator
389 2188 505 2271 Eglon.
548 2187 615 2250 Sit.
639 2188 746 2249 Fortis
770 2208 809 2248 ex
829 2187 886 2248 illo
908 2186 989 2248 sciet

204 2289 291 2386 Quid
311 2290 417 2352 inerte
440 2287 569 2353 domiuo
590 2288 695 2351 distet.
739 2293 798 2354 ler.
823 2289 939 2351 Alieno
963 2289 1046 2372 sapit

203 2392 358 2487 Quisquis
378 2391 513 2475 periclo,
537 2413 577 2452 ue
602 2413 659 2453 suo
680 2393 779 2475 sapiat
801 2406 899 2454 earet.

202 2495 268 2558 Sto.
295 2497 411 2557 Parum
432 2494 507 2556 hino
529 2494 647 2577 pericli
668 2507 732 2555 est:
762 2493 852 2554 Bella
874 2492 925 2555 fao
946 2515 1050 2570 ausos,
1073 2493 1124 2555 ‹liu

203 2596 268 2694 Qui
290 2610 341 2657 aut
362 2593 446 2656 unde
467 2593 629 2657 tolerent?
672 2599 755 2656 Rara
777 2596 943 2677 populatas
964 2594 1044 2658 colit

137 2699 310 2765 185·Urbes
333 2698 498 2776 iuventus3
523 2697 647 2782 reliquo
669 2718 743 2781 pars
767 2698 873 2760 vacuis
895 2699 971 2759 latet

271 2968 308 3021 V.
330 2969 386 3022 167.
405 2967 535 3020 Humana
553 2976 596 3020 est
615 2964 672 3021 ubl.

270 3071 307 3128 V.
327 3075 385 3129 166.
404 3070 532 3142 Cynthus
555 3088 636 3126 mons
658 3071 732 3152 Deli
757 3071 877 3135 insulae,
909 3071 960 3126 uhi
987 3082 1053 3129 nata
1085 3082 1125 3128 est

200 3156 301 3213 Diana.

268 3262 304 3315 V.
328 3262 385 3316 169.
405 3259 527 3312 Eurotas
552 3257 658 3312 fluvius
679 3275 775 3330 prope
792 3256 924 3331 Spartam
945 3276 979 3314 ex
996 3258 1125 3316 Maenalo

200 3353 298 3399 monte
316 3343 482 3416 prolabens.

268 3451 304 3506 V.
327 3455 386 3507 179.
406 3449 605 3515 Chusanus,
623 3466 649 3501 v.
670 3447 733 3507 Act.
756 3451 778 3516 l,
797 3456 840 3510 82.

268 3551 302 3605 V.
323 3556 381 3608 180·
398 3550 518 3624 Eglou‚
536 3569 565 3608 v.
582 3550 646 3608 Aet.
665 3551 689 3619 l,
710 3556 754 3611 st.
