2356 4282
524 476 667 539 Statuas.

125 648 224 715 Vires
248 647 374 732 quietis.
399 645 518 711 Sedulo
540 646 664 710 interea
685 646 776 710 fores

135 753 267 814 Servate
288 749 409 813 famuli.
431 750 500 815 Sis.
524 751 669 812 Muneris
689 764 756 813 tuta
777 749 811 811 id
834 768 913 834 caps

59 859 112 911 1³⁰
131 853 336 938 Sisaramque
357 852 385 914 si
407 853 479 938 quis
500 866 641 936 quaerat,
666 851 726 915 hac
745 853 848 936 passis
870 851 966 916 modo

128 955 268 1041 Fugisse
290 955 436 1018 manibus
456 953 553 1040 tinge.
576 956 648 1018 Iul.
671 955 827 1018 Securum
848 954 941 1018 dabo.

470 1173 560 1226 lohel.
600 1175 715 1225 choras.

128 1319 199 1381 lala.
225 1315 260 1379 si
283 1319 410 1402 quaeris
433 1321 536 1383 anime
557 1320 666 1384 facere
688 1320 766 1406 quid
787 1337 896 1384 rerum
913 1318 1055 1396 addecet,

131 1420 325 1504 Obsequere
349 1424 499 1507 Superis!
521 1424 647 1509 Ecquid
669 1425 702 1486 in
724 1423 848 1487 medios
871 1423 974 1488 seram

129 1522 272 1586 Dedisse
295 1524 426 1609 laqueos
449 1526 580 1590 cernis?
601 1531 653 1590 En
674 1526 768 1591 tantis
790 1526 888 1601 datus,

56 1640 112 1694 135
132 1625 245 1689 Tantis
266 1627 385 1708 petitus
404 1626 535 1691 advenit
554 1629 635 1692 dies.

126 1728 258 1790 Patiers
281 1728 436 1812 segnem?
457 1732 528 1792 Non
550 1746 630 1793 tuam
653 1731 775 1815 patriae
798 1730 890 1793 dabis

127 1829 326 1914 superisque
350 1830 517 1895 dextram?
538 1837 655 1897 Fatane
680 1834 837 1896 incassum
860 1831 1030 1899 excident?

129 1929 268 1993 Mendax
288 1931 414 1995 feretur
434 1933 581 2000 Numen?
606 1934 696 1997 dude
718 1934 838 2021 aliquid
860 1935 932 1999 Dec

127 2033 270 2095 Auctore
295 2033 436 2118 dignum,
457 2038 543 2100 nulla
568 2037 655 2121 quod
677 2037 769 2102 sileat
790 2037 881 2117 dies3

57 2153 108 2206 140
129 2136 311 2221 Serumque
333 2158 459 2220 supera.
486 2138 597 2235 Quid?
619 2161 699 2203 nece
721 2141 850 2203 infanda
871 2138 1007 2223 hospitis

129 2239 256 2301 Sacrata
278 2239 381 2304 violes
404 2241 497 2304 iura?
520 2243 685 2306 rescindas
706 2245 799 2327 prior
967 2328 969 2333 ,

127 2343 207 2404 Cum
229 2362 309 2427 rege
330 2359 455 2424 pactum
478 2344 617 2408 foedus?
639 2345 707 2409 Ab!
731 2347 855 2410 facinus
878 2368 999 2432 preme.

126 2443 215 2527 Ergo
237 2444 292 2505 ille
315 2444 417 2507 abibit
436 2446 552 2509 vivus?
574 2448 655 2510 banc
677 2450 822 2511 manibus
846 2451 946 2513 sinam

127 2544 282 2630 Effugere
304 2547 478 2630 praedam?
501 2552 605 2634 gentis
627 2551 681 2612 bic
701 2566 830 2613 nostrae
853 2553 923 2615 lues

60 2661 109 2714 tttt
130 2650 173 2711 Et
192 2648 334 2711 hostium
357 2649 470 2734 ingens
497 2653 643 2713 columen
666 2667 698 2714 et
718 2653 796 2714 belli
819 2669 912 2738 caput

127 2754 260 2834 lmpunc
282 2765 412 2813 nostros
435 2750 563 2814 dederit
583 2753 617 2813 in
639 2774 745 2815 casses
769 2754 913 2836 pedem?

129 2852 195 2916 Sed
217 2853 314 2915 ultum
337 2852 463 2916 abunde
486 2859 627 2918 Numen:
651 2871 700 2918 est
721 2878 844 2938 poenae
864 2858 942 2923 satis

126 2955 262 3040 Fugisse
284 2956 440 3019 Sisaram:
464 2956 593 3031 fractus,
619 2956 770 3034 asssictus,
792 2981 912 3043 pavens

129 3057 335 3142 supplexque
357 3060 476 3123 nostris
500 3058 641 3123 credidit
662 3062 754 3124 tectis
776 3078 876 3147 caput.

52 3177 107 3229 150
130 3161 205 3236 Hic,
231 3161 321 3222 cuius
347 3162 443 3224 armis
466 3162 616 3242 inclytum
640 3165 737 3226 cessit
760 3186 861 3249 genus

126 3262 261 3356 Quaque
283 3264 366 3328 adita
387 3264 534 3328 tribubus
557 3279 642 3328 terra
663 3266 713 3328 bis
737 3269 822 3330 senis
843 3285 931 3354 patet

127 3366 183 3429 cis
205 3364 337 3429 {lunium
359 3381 390 3431 et
412 3369 505 3441 ultra,
528 3373 629 3431 Marte
651 3391 712 3451 pro
736 3372 872 3453 Superi!
894 3374 978 3440 iacet

196 3611 233 3670 V·
252 3617 310 3670 132.
327 3628 372 3687 sq.
390 3613 468 3668 lahel
485 3611 611 3670 sisaram
628 3613 763 3672 occidere
780 3619 892 3679 statuit.
