2356 4282
151 455 194 527 46
290 472 298 485 ·
547 459 685 520 Parem

222 628 272 689 De
295 626 396 711 stirpe
418 625 558 713 populus
579 624 717 710 gemina,
739 625 827 712 quod
847 625 935 688 dictu
957 638 1007 688 est
1027 623 1121 699 nefas,
1166 652 1168 769 p

221 731 278 793 Bis
301 730 399 793 lustra
422 730 533 795 servit.
577 728 725 817 Undique
748 728 883 793 infestus
906 728 1012 792 solum

171 840 204 893 25
222 835 397 918 Populatur
421 834 541 914 hostis3
566 818 634 897 aret
656 833 792 895 incultus
816 832 870 896 siti

221 936 315 999 Heu!
337 936 417 999 lacte
441 936 599 1020 quondam
620 949 653 999 ct
674 935 768 998 melle
790 934 946 997 distillans
968 950 1058 1019 agor,

176 1102 177 1108 ἵ
222 1038 422 1123 sterilesque
446 1058 573 1121 campus
595 1038 681 1102 nulla
704 1037 863 1100 convestit
885 1054 997 1120 segem
1066 1060 1070 1069 ¹

222 1144 290 1203 Nec
311 1142 393 1204 laeta
413 1136 536 1202 fructus
558 1139 656 1203 arbor
679 1153 731 1202 aut
751 1137 850 1225 riridi
873 1137 964 1202 luvet

223 1244 342 1328 Aprica
365 1242 448 1307 celle
471 1242 556 1306 vitis.
599 1243 665 1306 Hic
686 1245 775 1307 cleas
795 1242 887 1304 metit

172 1358 205 1413 ³0
224 1341 520 1429 Adhucyrirentes3
545 1346 600 1408 ille
622 1345 737 1409 crudas
760 1360 923 1430 amputans
965 1374 968 1379 ·
992 1428 995 1433 Ι

169 1470 172 1479 ·
222 1446 406 1532 Destringit
427 1469 521 1511 uvas:
544 1468 688 1533 quaeque
709 1448 900 1531 praedantes
920 1448 1013 1534 piget

224 1549 386 1626 Avehere,
411 1551 474 1613 late
496 1551 670 1635 squallidus
692 1563 798 1613 torret
816 1571 927 1636 vapor.

226 1650 344 1733 Opima
364 1652 426 1714 soli
449 1669 535 1715 terra
555 1653 672 1715 cultori
694 1667 789 1715 vacat.

226 1753 314 1852 Quid
335 1755 422 1840 quod
443 1770 610 1839 parentum
630 1771 720 1840 rapta
740 1757 909 1843 complexu
931 1775 968 1820 ac
988 1756 1061 1820 sinu

174 1874 209 1929 35
228 1856 356 1941 Captiva
379 1857 489 1940 proles
510 1857 646 1922 trahitur
665 1873 698 1921 et
718 1858 807 1943 regis
827 1857 955 1920 domum

224 1959 400 2022 Famulam's
421 1959 535 2043 implet
554 1959 670 2022 turba?
693 1982 785 2044 quam
805 1982 965 2046 nunquam
987 1961 1052 2024 fuir

224 2062 397 2145 Peperisse
418 2063 543 2124 melius.
567 2061 681 2125 Gentis
703 2083 876 2148 oppressae
896 2082 1025 2149 parcns,

190 2161 193 2166 ’
223 2164 326 2228 Nobis
348 2164 524 2228 verendum
546 2167 680 2240 Numen,
705 2164 850 2250 ignotum
874 2167 994 2229 exteris
1002 2187 1015 2246 3

225 2265 261 2329 Si
283 2287 356 2350 spes
376 2266 489 2332 relicta
512 2280 560 2329 est
580 2267 676 2343 nulla,
702 2288 763 2330 nec
784 2269 882 2331 rebus
905 2268 998 2331 datur

164 2370 207 2446 ‘w
223 2369 354 2432 Miceris
375 2389 537 2447 recursus,
562 2383 676 2454 pereat
696 2372 869 2434 extinctum
892 2370 991 2434 semel

225 2470 457 2566 Quodcumque
479 2487 636 2556 superest.
663 2472 800 2540 Vindice
821 2470 944 2537 llamma
967 2474 1074 2540 intona
1080 2495 1091 2557 3

225 2577 293 2638 Iano
315 2573 406 2638 adice
429 2575 457 2638 si
480 2573 558 2659 quid
579 2574 723 2639 cladibus
743 2577 837 2638 tantis
860 2593 961 2661 pctea.
1008 2651 1011 2655 Ι

224 2680 304 2740 Nam
325 2677 402 2762 quid
420 2677 536 2761 potes?
558 2677 759 2742 Murtemncl
780 2676 1008 2777 Quismortcm
1022 2680 1131 2748 abnuat,

226 2779 262 2842 si
282 2780 329 2843 sic
351 2779 504 2843 trahenda
528 2793 576 2843 eat
596 2782 671 2844 vita.
696 2780 885 2866 Degeneres
907 2783 996 2848 viros

174 2896 208 2950 45
228 2883 361 2948 servire
376 2883 484 2966 pretio
505 2883 586 2947 lucis
606 2882 748 2948 indultae
770 2887 870 2949 iuvet:

225 2985 307 3046 Mihi
325 2998 424 3068 turpe
447 2985 518 3048 luce
540 3000 589 3050 est
610 2987 738 3075 gratius
761 3004 872 3072 erepta
893 2989 1029 3076 iugum.¹

224 3090 294 3150 lala.
318 3088 474 3150 Unanime
497 3089 623 3166 coniux,
650 3088 762 3154 desine
785 3090 908 3154 imbelli
933 3096 1038 3158 Deum

226 3193 373 3256 Onerare
399 3192 495 3255 luctu.
520 3193 669 3257 Pressius
688 3193 792 3258 fortes
815 3194 908 3260 decet

195 3292 341 3381 ,„.0bniti
362 3310 396 3370 et
416 3295 520 3361 undae
541 3295 631 3363 ferre
651 3297 811 3369 ricleetae
829 3299 1015 3382 impetum..

173 3386 373 3465 staturos
394 3395 495 3461 virtus
515 3396 636 3460 robore
656 3398 815 3463 indomito
836 3401 943 3484 capit.v
969 3440 972 3444 -

167 3544 170 3548 »
205 3538 208 3575 3
225 3497 320 3561 Haud
336 3514 389 3562 est
409 3499 516 3574 virile,
537 3500 619 3561 dura
641 3502 669 3562 al
688 3502 790 3579 tollas,
817 3502 941 3588 gradu·¹

225 3604 376 3664 Perstare
397 3599 500 3665 firmo.
522 3600 651 3666 Placida
673 3620 744 3666 cum
765 3602 845 3668 nulli
867 3604 950 3671 freta
999 3612 1001 3616 ’
