2356 4282
98 478 142 560 50
492 487 637 552 rusum

168 656 247 720 Pius
269 657 334 735 ille,
358 659 413 724 uel
434 657 509 721 dum
535 659 636 724 suerit
656 670 688 720 et
707 676 867 720 memores
889 657 941 720 sui

170 763 310 824 Exercet
333 761 409 825 irus.
432 763 532 845 Culpa
553 775 734 825 sauctorum
756 777 872 844 graves

80 938 82 943 Α
170 858 270 926 Dedit
289 863 394 948 aliqua
414 885 545 948 poenus,
570 864 656 927 uuila
678 876 851 947 perpetuus
871 861 974 925 dedit.

170 966 225 1031 Sic
247 965 345 1028 densu
366 981 532 1051 postquam
554 967 664 1029 uubiiu
686 964 790 1029 effuso
811 964 868 1027 diu

103 1067 153 1122 ¹⁴⁰
170 1069 329 1132 Arcturus
351 1068 455 1131 imbre
479 1069 575 1133 solvit
596 1083 648 1131 sut
667 1083 765 1151 ponte
787 1069 882 1131 iubar

102 1184 107 1217 z
169 1172 318 1235 Hersuru
339 1171 455 1247 Pleias,
480 1169 627 1234 foederis
649 1169 770 1234 vindex
790 1171 900 1253 poium

172 1277 309 1338 Sereuut
329 1293 432 1336 arcus.
477 1274 532 1337 sic
550 1273 608 1337 ubi
630 1272 779 1336 hibernis
800 1271 914 1334 furens

171 1375 319 1438 Incubuit
338 1374 433 1438 undis
455 1377 575 1438 Auster
595 1391 627 1439 et
649 1391 754 1441 vastos
775 1375 849 1439 tulit

172 1478 226 1541 Ad
248 1492 332 1541 astru
354 1476 481 1553 fluctus,
505 1478 623 1541 sideris
643 1479 764 1564 gemini
786 1477 858 1540 face

106 1584 155 1639 145
173 1581 365 1662 Compressu
384 1595 506 1662 ponunt
527 1582 636 1643 muria.
662 1581 716 1643 Sis
738 1579 861 1664 gelidus
881 1591 981 1662 tepor

104 1693 109 1701 '
173 1684 303 1748 Vernus
323 1684 454 1766 pruinas
476 1683 604 1746 claudit.
629 1689 698 1746 Hae
720 1685 804 1748 vitae
821 1685 913 1744 Deus

100 1796 105 1807 ¹
174 1783 320 1847 Arbitriu
341 1786 413 1869 lege
434 1786 544 1848 saucit.
567 1789 602 1847 In
624 1798 748 1868 purtem
768 1785 851 1846 nihii

175 1887 351 1971 Utrumque
373 1888 485 1951 stabile
509 1901 567 1950 est.
588 1889 690 1951 Abiit.
712 1886 805 1948 Haud
826 1885 978 1969 equidem
1000 1883 1058 1948 tibi

174 1991 281 2050 Porro
303 1988 444 2051 iudicavi
466 2005 600 2052 caetera.
648 1992 684 2050 iu
705 1988 804 2051 dubio
825 2002 874 2050 est
894 1986 987 2063 fides,

110 2101 163 2154 ibo
179 2095 252 2186 Quo
274 2095 337 2159 suta
360 2112 502 2182 vergant.
529 2102 642 2181 Magna
664 2097 794 2158 molitur
816 2096 914 2157 Deus.

176 2199 239 2264 Vel
263 2214 377 2283 quantu
400 2198 495 2261 nobis
515 2220 574 2261 ore
595 2220 660 2261 nou
682 2199 764 2260 falso
788 2198 872 2259 currit

176 2305 376 2364 Monstruute
399 2302 491 2364 coeio
513 2300 663 2363 Debora!
687 2302 776 2396 Quae
798 2320 859 2383 per
880 2318 940 2359 nos
961 2294 1055 2359 brevi

177 2402 370 2464 Praestuuda
390 2403 561 2465 memorat!
586 2404 687 2465 Maius
708 2404 857 2465 esuriero
880 2415 986 2462 tumen

178 2504 294 2566 Sisara.
324 2503 412 2602 Quid
434 2505 525 2566 hoste
546 2506 646 2566 maius
667 2519 715 2567 est
734 2502 842 2566 vieto?
863 2504 958 2586 Piget

104 2595 160 2674 '4⁶5
178 2605 275 2702 Quod
296 2606 350 2667 iiia
371 2608 404 2669 iu
427 2628 520 2668 aures
541 2608 636 2669 tacita
656 2607 815 2669 commisit
835 2606 935 2688 loqui,

102 2714 113 2729 ⁶
179 2707 276 2802 Quod
298 2727 455 2791 quaerere
476 2710 559 2771 ultra
582 2711 692 2771 reruit.
716 2712 757 2770 At
779 2708 806 2768 si
828 2706 906 2790 quid
927 2726 998 2768 meu

178 2811 290 2875 Habes
311 2812 345 2872 in
368 2825 436 2873 arte
458 2810 611 2894 praesidi,
634 2811 713 2873 haee
736 2810 881 2894 quisquis
903 2810 994 2892 regis

108 2927 120 2966 ι’
181 2913 322 2980 Ventura
345 2914 514 2996 Superum,
540 2930 571 2975 te
596 2913 678 2974 duce
700 2935 741 2974 en
764 2933 856 2975 cesus
877 2911 968 2974 adest

179 3017 289 3079 Parata
312 3015 345 3076 in
367 3037 478 3078 omnes
500 3017 625 3079 famule.
653 3017 756 3111 Quem
777 3015 898 3076 uostris
920 3014 995 3077 fure

112 3121 161 3174 160
178 3120 269 3180 Haec
290 3118 376 3180 inter
398 3120 494 3181 armis
515 3122 632 3182 exitum
656 3141 691 3181 ue
716 3120 797 3182 voris
817 3116 950 3200 putem?

180 3219 355 3282 Commissa
377 3219 496 3283 dudum
517 3224 638 3306 praelia
662 3237 694 3284 et
714 3235 780 3283 toto
803 3241 879 3281 reor

179 3324 322 3385 Fervere
343 3343 470 3406 campo:
492 3325 588 3409 gestit
610 3340 756 3386 eventum
780 3324 940 3406 impotens

179 3428 392 3488 Praevertere
415 3427 548 3489 unimus.
575 3428 656 3522 Quis
676 3448 737 3510 per
759 3426 926 3490 aethereas
946 3423 1044 3491 modo

104 3534 111 3587 ἰ
134 3550 138 3561 ·
180 3527 350 3603 Vioiemus
369 3551 461 3592 surus
482 3529 579 3592 turbo
601 3543 782 3613 correptam
805 3527 919 3592 vehat?

115 3635 163 3694 165
181 3632 245 3694 Aut
268 3629 340 3714 quis
363 3631 468 3701 citatis
489 3646 676 3717 praepetem
697 3631 815 3718 pennis
833 3629 905 3715 rupi
