2356 4282
458 1419 574 1482 Actus
612 1420 775 1496 prtinus.

467 1605 609 1655 sedecias·
629 1605 768 1670 Atsrttqer.

151 1741 228 1805 Sed.
250 1738 401 1816 Imbellis,
425 1760 550 1817 excors,
575 1741 680 1826 gentis
702 1738 914 1824 opprobrium
939 1752 1020 1813 tuae,

151 1845 328 1941 Quousque
351 1842 498 1906 anhelum
521 1843 642 1925 proditi
664 1842 704 1905 ad
725 1841 829 1904 labem
852 1841 970 1925 imperi

152 1947 309 2008 Gressum
331 1944 468 2029 fatigas?
491 1946 586 2026 siste3
610 1946 672 2007 iam
696 1945 770 2007 satis
793 1960 842 2008 est
864 1946 968 2030 fugae,

150 2052 290 2132 Ignarus
312 2062 345 2108 ut
368 2048 411 2110 sis
419 2070 429 2127 3
455 2047 537 2109 aude
562 2069 620 2133 ege
642 2048 798 2130 superbos
821 2062 910 2110 retro

114 2177 132 2228 5
151 2150 292 2213 Referre
313 2151 437 2230 vultus3
461 2151 565 2212 nullus
586 2173 603 2212 a
625 2166 717 2234 tergo
739 2165 788 2213 est
808 2165 919 2213 metus.

149 2253 295 2336 Require
319 2252 471 2332 Solymus,
494 2251 590 2314 dubia
612 2274 672 2336 qua
695 2253 812 2315 montis
836 2253 909 2336 iuga

149 2354 215 2418 Vix
236 2353 401 2436 pervicaci
424 2353 542 2416 lumina
565 2354 678 2417 obtutu
700 2369 812 2418 notant

150 2455 311 2540 Picusque
334 2455 439 2517 fumus
462 2455 547 2518 nube
568 2457 727 2538 praetexit
747 2456 842 2519 diem.

151 2560 206 2621 Sic
229 2558 340 2621 fruere
363 2580 476 2643 regno,
507 2560 638 2640 fruere3
662 2561 708 2622 sio
731 2582 842 2644 regem
864 2560 1024 2643 inclytum,

96 2690 133 2744 1⁰
150 2661 311 2745 Caeloque
331 2675 411 2723 teste
435 2676 564 2724 strenue
588 2663 736 2746 ignavum
759 2662 862 2725 decet.

147 2763 303 2826 Pudentis
324 2764 475 2826 comitum
496 2767 601 2838 turba,
625 2764 703 2849 quid
725 2766 823 2829 letum
846 2765 930 2828 bene

147 2869 244 2927 Manu
264 2866 400 2926 merenti
422 2864 520 2926 densa
542 2887 602 2948 per
626 2866 756 2927 Medum
777 2868 901 2951 agmina

146 2969 231 3031 Male
253 2966 448 3031 obstitistis?
469 2969 571 3052 turpis
594 2968 701 3032 officii
721 2970 820 3054 piget.

146 3073 210 3132 Par
232 3086 281 3133 est
302 3071 471 3145 malevolo,
494 3072 641 3156 quisquis
662 3072 703 3136 ad
722 3075 878 3157 probrum
901 3073 996 3136 iuvat.

216 3325 252 3379 V.
284 3325 392 3378 1-tos
433 3318 583 3377 sedeciam
611 3321 698 3376 initus
731 3321 818 3396 fugas
851 3339 917 3378 sero
947 3324 1079 3396 poenitet

142 3408 255 3464 Versus
272 3406 405 3461 trimeter
422 3407 562 3463 iambicus
580 3409 762 3463 acatalectus.

211 3515 245 3568 V.
263 3517 287 3569 θ.
306 3511 468 3583 Solymus
487 3524 515 3569 ot
533 3515 648 3588 Solyma
667 3514 750 3589 (sing.
771 3524 799 3570 ot
819 3515 913 3588 plur.)
932 3515 952 3569 i.
974 3534 1001 3590 q.
1012 3517 1078 3572 Hic·

140 3599 290 3672 rosolyms
309 3601 423 3669 (orum)
443 3599 503 3656 cic.
