2356 4282
108 428 170 504 144
504 437 627 530 Gnorn

172 600 394 689 Lymphasque
415 604 548 680 beriles,
570 604 704 686 mystico
726 624 856 668 carmen
878 628 958 671 sono

174 707 317 768 Sacrator
340 706 479 791 dumque
502 705 542 767 ad
563 722 638 770 nota
660 727 871 790 properamus
892 711 972 785 loss,

172 809 237 870 Ubi
259 811 355 871 multa
379 810 482 872 tacitis
504 809 623 872 leniter
644 809 793 891 suspiriis

171 909 360 992 Respondet
382 912 490 987 arbor,
518 931 595 995 quas
617 931 679 994 ego
703 911 742 973 ad
763 909 859 974 sedes
880 931 988 986 vocer,

104 1022 152 1076 140
171 1013 261 1108 Quae
285 1013 338 1074 lex
359 1013 488 1087 amoris,
511 1034 605 1096 quarn
629 1012 740 1076 favens
762 1013 856 1076 vobis
876 1014 976 1089 Deus,

170 1115 290 1176 Audite
313 1131 436 1190 euntes,
459 1116 589 1177 interim
612 1116 726 1199 vigiles
748 1137 850 1178 meum

169 1221 291 1280 Durate
310 1232 453 1280 noctem:
481 1218 572 1280 cedat
594 1240 633 1281 ex
654 1219 756 1282 oculis
775 1240 887 1302 sopor,

170 1319 265 1381 Caelo
287 1340 451 1402 supremas
475 1319 578 1382 donee
600 1318 755 1385 admoveo
777 1340 905 1404 preces.

398 1536 503 1588 (thorus
519 1537 692 1589 Iudaeorum
707 1537 862 1586 oremus

172 1707 235 1766 Iam
255 1703 345 1767 vehit
364 1724 523 1786 praeceps
545 1725 604 1786 per
625 1717 734 1786 aperta
754 1717 884 1765 noctem

103 1809 152 1861 145
170 1806 318 1882 Mundus,
342 1820 375 1868 at
395 1825 515 1889 pronae
536 1818 712 1888 properant
732 1804 886 1868 tenebrae

170 1909 308 1970 Auream
331 1907 423 1969 coelo
446 1906 621 1968 redhibere
641 1907 756 1981 iucem,

170 2012 241 2071 Non
264 2022 368 2070 tamen
391 2007 505 2069 ductor
527 2007 644 2068 celeris
662 2006 801 2069 choreae

169 2111 377 2192 Phosphorus
401 2111 521 2171 clarum
543 2108 707 2172 revocavit
728 2129 852 2191 agmen,

170 2217 261 2272 Mane
284 2231 345 2273 nee
366 2210 464 2292 primi
483 2230 611 2272 roseum
634 2210 780 2271 rubentis

101 2319 152 2372 150
169 2314 310 2376 Buccina
332 2313 456 2396 signum
479 2333 636 2396 crepuere
656 2324 795 2374 nostrae.

167 2419 234 2477 Nos
256 2415 338 2499 apud
360 2416 466 2497 magni
487 2415 652 2498 penetrale
674 2415 785 2496 templi

167 2517 277 2579 Noctis
299 2518 462 2580 insomnes
484 2515 652 2599 vigilamus
672 2515 779 2590 horas,

166 2619 279 2679 Discat
301 2631 335 2679 ut
357 2617 474 2680 sanetis
494 2618 649 2701 precibus
670 2617 787 2700 piatum

168 2719 343 2782 Crastinum
364 2734 475 2801 peetus
496 2718 664 2781 celebrare
686 2719 853 2793 Phoeben,

99 2831 149 2883 155
169 2821 240 2916 Qua
262 2820 351 2882 iubet
370 2820 481 2902 fruges
503 2819 687 2882 meminisse
708 2833 814 2901 raptas

168 2921 372 3004 Memphidos
394 2920 466 3004 regi
489 2920 680 2983 metuendus
704 2921 786 2982 exul.

169 3027 241 3086 Hoc
265 3043 388 3086 sacrum
410 3037 491 3084 totas
513 3021 658 3086 viduabit
678 3021 785 3096 urbes,

169 3127 303 3222 Quaque
325 3124 478 3187 Iordanes
500 3123 596 3184 toties
616 3137 749 3185 novator

170 3225 300 3288 Ambitu
322 3239 424 3288 uertat
441 3224 555 3287 satiare
578 3244 700 3297 sursus,

99 3340 148 3394 160
167 3329 300 3423 Quaque
322 3349 356 3391 se
379 3326 462 3409 ripis
482 3339 579 3410 negat
600 3340 632 3389 et
653 3327 774 3418 solutus

170 3484 370 3498 Q

232 3575 269 3630 V.
289 3576 346 3628 144.
365 3588 428 3646 sqq.
448 3573 559 3629 Versus
578 3570 726 3643 sapphici.
