2348 4282
415 480 574 542 Cunisrus
593 481 746 541 Psrrnns.
974 465 1035 543 ibi

69 661 96 716 2⁰
115 648 235 711 Amore
256 647 351 711 nobis
371 647 484 724 frater,
506 649 645 732 imperio
667 669 795 731 parens,

112 755 247 836 Ignosce
267 752 383 834 lapsis:
406 752 461 814 ille
484 772 545 835 ego
567 765 637 813 ante
659 752 740 815 alios
761 766 844 814 tuus.

112 858 183 938 Ego
207 875 300 938 quem
322 868 444 917 sacrato
463 875 528 916 nox
548 854 788 916 recumbentem
812 852 883 914 sinu

112 958 272 1018 Hesterna
293 955 383 1030 vidit,
407 954 533 1039 siquid
555 954 690 1018 affectus
712 957 813 1019 babes

113 1056 254 1132 Veteris,
277 1058 458 1139 perillum,
480 1056 621 1132 domine,
646 1072 678 1120 te
699 1057 847 1120 affectum
867 1078 960 1142 rogo,

69 1175 97 1228 25
116 1161 245 1242 Perque
266 1159 348 1221 banc
369 1172 545 1241 parentem,
568 1158 657 1221 euius
679 1159 713 1220 in
738 1180 845 1223 curem
866 1161 928 1245 tibi

114 1264 186 1346 Ego
210 1261 312 1323 dictus
335 1261 468 1340 haeres3
489 1260 572 1323 hanc
593 1280 655 1344 ego
677 1281 838 1346 exaequo
859 1254 970 1326 mirer

117 1362 276 1427 Solandus
296 1364 368 1447 ipse
390 1363 487 1437 solor,
509 1378 543 1425 ut
563 1385 692 1446 possum
717 1379 832 1428 tamen.

115 1471 180 1529 lam
204 1487 302 1550 parce
324 1480 426 1528 meter
448 1466 585 1528 luctibus
609 1466 699 1529 iustis
721 1467 861 1551 quidem,

117 1569 181 1631 Sed
200 1566 426 1653 temperandis,
453 1582 484 1630 et
508 1569 572 1631 tuis
594 1568 673 1631 fulci
695 1567 789 1632 bonis

69 1686 100 1740 30
118 1672 267 1733 Animum
287 1671 455 1734 labantem.
481 1669 643 1732 Laudibus
666 1670 768 1732 crevit
788 1672 851 1735 tuis

118 1774 258 1859 Antiqua
280 1789 385 1838 vatum
408 1774 534 1854 charta3
556 1788 588 1836 te
612 1794 717 1836 caram
737 1777 809 1837 Deo

116 1878 234 1939 Terras
255 1897 315 1959 per
337 1897 448 1939 omnes
469 1877 554 1938 nulla
576 1896 640 1939 non
662 1890 747 1938 aetas
770 1892 871 1941 canet.

118 1978 264 2040 Senioris
287 1978 357 2041 aevi
379 1978 506 2054 decora,
530 1999 622 2061 quam
643 1978 739 2062 longe
761 1978 822 2041 tibi

120 2082 267 2155 Cessere,
291 2079 433 2141 matres?
453 2081 539 2141 nulla
561 2080 608 2141 sic
631 2080 742 2164 genuit
763 2078 891 2162 parens,

69 2183 99 2236 35
118 2182 160 2244 Εῑ
181 2183 267 2242 nulla
289 2195 417 2243 tantum.
444 2181 544 2244 Foeta
564 2181 597 2241 in
619 2194 719 2243 aetate
741 2182 861 2257 ultima,

119 2285 210 2377 Quae
231 2299 354 2347 temere
377 2283 436 2345 risi
459 2283 559 2346 sensit
581 2284 681 2345 oracli
700 2281 807 2358 fidem,
964 2266 968 2275 ¹

119 2390 161 2449 Et
182 2387 235 2448 illa
257 2386 404 2469 genitrix,
431 2384 520 2446 cuius
543 2387 576 2446 in
597 2384 714 2447 Pharia
736 2404 817 2468 puer

119 2490 288 2550 Proiectus
310 2489 379 2572 alga
400 2487 531 2550 vincere
553 2486 708 2548 undarum
731 2488 831 2549 minas
936 2498 938 2504 '

120 2594 185 2654 Iam
208 2590 321 2652 didicit
342 2589 458 2664 infans,
478 2590 571 2673 prole
597 2612 661 2653 non
683 2606 810 2652 certans
831 2590 904 2653 tibi.

69 2702 103 2755 tc
121 2693 245 2776 Exigua
265 2692 436 2776 loquimur.
462 2696 532 2775 {pse
556 2707 587 2755 te
610 2691 759 2755 observat
780 2694 892 2775 polus:

120 2799 234 2859 Festae
256 2795 406 2859 tenebras
428 2795 530 2857 noctis
554 2795 710 2857 irradians
731 2795 802 2857 face

123 2898 279 2961 Coelestis
300 2899 388 2959 aulae
410 2912 511 2959 turma
533 2897 672 2980 parienti
693 2896 823 2971 adstitit,

123 3002 291 3084 Cunasque
314 3000 449 3062 adorans
471 3000 585 3084 igneus
609 3019 759 3082 superum
782 2996 900 3060 chorus

123 3102 271 3165 Genitale
295 3102 412 3164 cecinit
432 3123 569 3176 carmen,
597 3115 628 3163 et
646 3101 738 3162 nixus
760 3120 869 3163 sacrus

69 3212 105 3266 ts
123 3206 263 3267 Imitatus
286 3206 396 3269 aether
418 3220 501 3267 astra
522 3204 672 3287 parturiit
690 3223 781 3265 nova.

123 3307 209 3371 Mar.
231 3308 370 3391 Fugiunt
392 3307 521 3370 dolores
529 3329 538 3386 3
561 3307 677 3370 laetior
697 3305 889 3390 praecordia

125 3411 219 3473 Subit
238 3411 293 3472 ille
315 3425 429 3486 mutus,
452 3431 547 3495 quem
567 3409 685 3494 pudico
706 3423 839 3493 pectore

123 3512 235 3575 Puella
255 3513 351 3588 sensi,
378 3533 448 3574 cum
470 3512 551 3574 mibi
570 3513 734 3594 interpres
756 3510 821 3573 Dei

127 3613 307 3699 Spopuudit
327 3627 462 3690 uterum,
488 3613 615 3700 fataque
636 3612 784 3677 extimuit
805 3610 862 3673 diu
