2356 4282
100 468 144 553 96
456 484 666 545 murram

103 657 153 710 2⁷5
171 652 274 735 Virgo
297 652 415 715 solutas
436 653 573 718 lacerata
595 671 712 726 comas,

170 754 297 816 Patriae
321 776 392 817 sese
415 755 448 816 in
471 759 605 840 pulvere
628 767 746 818 versat.

215 857 337 920 Tabida
360 859 458 941 longo
481 859 599 920 lumina
621 855 699 920 ssetu

170 955 266 1022 Acies
290 961 409 1021 sensim
431 975 554 1022 tenuata
575 959 676 1042 fugit3

170 1064 283 1125 Intima
305 1077 434 1146 torquet
454 1063 579 1126 viscera
603 1064 716 1133 luctus,

105 1173 155 1225 280
173 1165 316 1227 Felleum
337 1186 456 1227 amaras
479 1164 570 1225 iecur
592 1164 626 1223 in
649 1163 802 1242 lacrymas

173 1266 253 1328 Abit
274 1264 422 1340 effusum,
445 1280 631 1350 terramque
652 1265 746 1347 rigat,

172 1368 257 1429 Dum
281 1382 326 1431 tot
347 1367 381 1429 in
403 1390 498 1431 unam
521 1381 674 1449 congesta
696 1365 782 1426 diem

174 1474 256 1534 Mala
278 1473 458 1556 ploramus:
482 1493 552 1533 cum
576 1471 715 1554 depositi

176 1576 321 1656 Solymac
344 1590 479 1658 propter
502 1575 639 1658 compita
661 1575 780 1657 passim

106 1686 155 1738 285
174 1677 273 1738 Pueri
297 1675 407 1738 dulces
429 1679 577 1760 linquunt
599 1677 728 1752 animas,

174 1782 357 1863 Pressaque
380 1780 486 1842 infans
508 1780 610 1843 ubere
631 1780 753 1842 frustra

174 1882 311 1945 Moritur
334 1883 440 1966 primo
462 1884 495 1943 in
518 1883 627 1944 limine
650 1884 741 1947 vitae.

217 1988 259 2048 At
282 1985 398 2068 quibus
419 1998 503 2046 aetas
525 1983 738 2068 grandiores
764 1984 827 2047 iam

176 2087 362 2170 Vocemque
385 2086 483 2162 dedit,
517 2090 591 2148 Heu
611 2086 667 2148 ubi
688 2084 806 2169 panis?

107 2201 157 2252 290
175 2191 249 2251 Heu
269 2188 344 2272 ubi,
365 2204 464 2251 mater
484 2189 621 2272 optima,
643 2188 751 2252 vinum
774 2187 847 2250 est?

176 2292 290 2352 Miseri
313 2293 447 2354 clamant
455 2312 464 2370 ;
489 2311 634 2374 voceque
660 2290 694 2350 in
716 2291 786 2375 ipsa

175 2393 312 2456 Desecta
334 2395 421 2456 calor
443 2394 586 2456 membra
608 2393 771 2477 relinquit.

176 2496 221 2557 At
242 2495 269 2556 si
291 2517 352 2579 qua
374 2496 429 2579 pio
451 2511 558 2557 natum
579 2496 757 2559 exanimem

176 2599 277 2660 Fovet
299 2599 456 2680 amplexu,
480 2597 604 2681 gremio
626 2597 680 2659 bic
700 2598 811 2661 matris

109 2715 159 2766 295
178 2699 323 2760 Animam
344 2699 484 2761 reddens
505 2700 589 2762 colla
608 2701 753 2761 reclinat.

219 2800 345 2896 Quibus
369 2801 540 2864 assimilem
562 2817 613 2864 tua
636 2801 698 2865 fata
720 2799 823 2863 Sion?

177 2903 303 2999 Quibus
326 2905 481 2986 exemplis
503 2904 649 2967 relevare
671 2901 810 2998 parem?

176 3006 290 3068 Miseri
312 3007 465 3068 miserum
487 3007 550 3069 hoc
571 3007 713 3070 solamen
733 3004 862 3079 babent,

178 3107 300 3169 Similis
323 3109 429 3170 socios
451 3129 630 3172 memorare
651 3107 735 3170 mali.

109 3227 160 3280 300
178 3212 219 3272 At
239 3231 334 3272 nemo
358 3211 419 3272 tuis
442 3210 584 3274 cladibus
606 3231 738 3295 usquam

177 3311 354 3395 Aequando
377 3313 457 3374 tulit.
502 3311 668 3374 Premcris
689 3325 758 3374 toto
782 3323 816 3372 ut

178 3414 303 3476 Obruta
321 3430 432 3499 ponto,
454 3435 515 3477 noc
536 3434 630 3499 opem
649 3414 684 3475 in
706 3413 802 3477 tantis

179 3513 354 3609 Quisquam
376 3518 537 3580 aerumnis
558 3518 649 3579 ferre
672 3517 804 3579 laborat.
869 3572 871 3578 .

180 3616 260 3714 Quis
282 3617 373 3680 ferre
396 3633 500 3681 tamen
523 3619 589 3699 (fac
610 3619 709 3697 velle)
733 3613 852 3703 queat?
