2356 4282
154 556 221 629 Peg.
241 561 298 615 193.
317 557 355 614 ed
371 577 397 615 r.
417 565 472 618 186.
492 559 522 616 in
538 573 635 621 annot.
652 561 725 619 adde
745 573 811 637 post
827 563 921 619 IIIIas:
940 579 994 618 eeu
1007 565 1083 618 Iere-

155 642 284 698 88188.-
312 647 378 720 Pag.
399 653 454 704 179.
473 648 553 703 adv.
573 657 613 709 18.
632 650 739 706 adiice:
767 651 809 705 Ibi
835 661 917 705 natus
936 651 1082 705 eratBat-

155 740 213 797 tus,
234 731 284 804 qui
305 733 439 803 Cyrenen
457 735 560 788 urbem
577 735 714 790 condidit.
734 735 778 791 Cf.
795 753 826 807 p.
848 742 904 794 118.
923 734 1004 789 adv.
1023 741 1080 792 223.

153 817 194 871 Ss.
206 818 405 892 Evangelistae
417 819 564 876 Simonem
581 833 685 876 vocant
694 825 923 893 Cyrenaeum.-
937 825 1004 896 Pag.
1024 827 1079 878 174.

153 923 181 959 v.
202 912 258 963 113.
276 917 344 977 post
362 907 446 960 amici
467 907 640 982 interpungo
659 921 809 965 commate.
828 938 862 949 -
880 912 946 982 Pag.
971 915 1028 966 178.
1046 906 1080 962 881

152 1011 179 1047 v.
195 1000 260 1049 217:
282 995 347 1047 luce
363 1012 473 1049 cassum
491 995 509 1048 i.
522 1013 545 1049 8.
565 1008 724 1063 mortuum,
743 1008 776 1051 ut
794 996 903 1050 lumine
922 1013 1019 1050 cassus
1035 995 1079 1048 vel

152 1081 269 1134 aethere
288 1095 383 1134 cassus
402 1079 480 1152 apud
490 1081 570 1154 Virg.
589 1109 622 1121 -
641 1086 707 1155 Peg.
722 1090 779 1140 182.
797 1082 835 1137 ad
851 1101 877 1137 v.
896 1089 955 1140 344.
974 1083 1079 1154 Diony·

152 1167 187 1223 sii
196 1169 385 1240 Areopagitae
393 1169 666 1236 haecrerhaluisse,
683 1189 748 1225 curn
755 1170 899 1242 Heliopoli
911 1170 1076 1246 indogypto

152 1272 208 1327 qua
221 1256 304 1308 Jesus
322 1254 394 1309 obiit
412 1255 458 1309 die
476 1257 562 1327 plena
583 1257 651 1311 luna
668 1257 829 1312 mirandum
847 1256 916 1311 solis
928 1256 1078 1312 defectum

152 1340 414 1412 contemplaretur,
439 1353 578 1396 narratur
600 1343 628 1394 in
651 1342 741 1411 ejusd.
764 1344 853 1415 Epist.
872 1345 940 1411 Vll,
962 1344 986 1415 §
1004 1351 1027 1401 2.
1046 1378 1077 1389 -

150 1428 216 1499 Peg.
237 1433 292 1483 191.
310 1445 337 1480 v.
351 1434 408 1483 221.
426 1439 493 1499 post
510 1439 577 1483 tuus
596 1439 736 1483 commate
754 1428 1027 1502 interpungendum.
1045 1463 1077 1474 -

150 1511 190 1566 Ib.
208 1531 235 1566 v.
254 1518 311 1570 235.
330 1512 506 1586 significatur
524 1515 613 1582 Sara,
637 1514 794 1568 Abrahami
817 1533 902 1570 uxor.
937 1515 984 1572 ct
1002 1519 1075 1572 Gen.

150 1600 253 1664 XVIII,
272 1605 311 1654 10.
328 1630 363 1641 -
384 1603 451 1672 Pag.
478 1608 535 1658 198.
556 1619 583 1654 v.
604 1607 643 1658 19.
663 1604 769 1673 procul
793 1599 886 1655 dubio
907 1601 1076 1675 legendum:

150 1701 244 1738 manu.
255 1713 284 1725 -
304 1687 370 1756 Pag.
380 1692 437 1743 296.
456 1693 535 1743 822.
555 1698 584 1741 81
601 1694 642 1744 23.
663 1698 729 1760 post
740 1688 832 1741 Inanis
845 1697 874 1740 et
886 1689 945 1741 Res
959 1686 1078 1743 delenda

151 1788 213 1824 csse
232 1783 372 1826 commata
390 1790 501 1828 censeo.
521 1801 554 1814 -
572 1776 637 1846 Pag.
663 1780 719 1831 212.
737 1791 764 1828 v.
781 1780 836 1828 172.
854 1771 1012 1846 legendum
1032 1773 1076 1827 ad-

149 1858 314 1911 veniret-
332 1861 560 1931 Ρ83.211.ν.219.
578 1872 644 1932 post
659 1862 784 1915 Taautao
804 1860 981 1933 interpungo
1001 1877 1070 1913 com·

150 1954 234 1998 mate.
255 1979 287 1988 -
304 1947 372 2017 Pag.
387 1951 446 2001 228.
467 1964 494 2000 v.
513 1952 571 2003 329.
592 1947 656 2017 1838
674 1956 817 2018 parentes.
835 1978 868 1985 -
889 1949 959 2018 Pag.
978 1952 1032 2004 239.
1046 1962 1070 1997 r.

150 2036 191 2086 22.
209 2031 272 2101 1838
290 2029 327 2088 Si.
345 2061 379 2070 —·
397 2031 463 2103 Pag.
483 2037 542 2087 235.
563 2049 588 2084 v.
610 2037 665 2087 162.
683 2031 748 2104 1838
766 2030 934 2086 meminisse.
953 2061 990 2071 -
1011 2034 1073 2102 Pag.

149 2122 209 2174 239.
225 2135 252 2169 v.
270 2122 311 2174 21.
329 2116 505 2190 significatur
516 2116 684 2189 Heliopolis.
704 2119 770 2190 Pag.
780 2125 840 2177 228.
856 2116 932 2171 adv·
947 2125 998 2175 327
1014 2136 1074 2190 sqq.

148 2202 276 2274 Respicit
301 2202 357 2256 Nili
380 2200 604 2274 descriptionem
629 2219 673 2273 ap.
692 2204 765 2257 Plin.
789 2203 860 2262 Hist.
889 2205 953 2260 Nat.
979 2224 1016 2272 v,
1043 2212 1076 2261 s:

148 2289 228 2345 Nilus
247 2289 366 2344 incertis
384 2301 464 2345 ortus
482 2289 622 2355 fontibus,
641 2300 674 2343 ut
692 2308 747 2360 per
765 2290 879 2344 deserta
897 2302 927 2345 et
936 2289 1076 2356 ardentia,

150 2386 181 2429 et
200 2376 339 2429 immenso
357 2374 539 2449 longitudinis
555 2375 649 2446 spatio
667 2376 830 2442 ambulans,
861 2387 891 2430 ct
918 2377 987 2448 quia
1003 2376 1076 2429 fama

149 2472 260 2516 tantum
278 2460 382 2514 inermi
392 2461 540 2533 quaesitus
551 2461 610 2515 sinc
622 2460 718 2527 bellis,
737 2478 812 2534 quae
831 2472 960 2516 caeteras
979 2479 1077 2516 omncs

149 2559 244 2602 terras
262 2548 412 2612 invenere,
434 2547 584 2619 originem,
605 2559 638 2601 ut
647 2546 722 2602 luha
739 2564 790 2601 rex
804 2548 899 2619 potuit
911 2549 1073 2622 exquirere,

148 2635 176 2688 in
196 2645 292 2688 monte
312 2634 462 2687 inferioris
479 2632 672 2688 Mauritaniae
694 2652 750 2687 non
767 2635 875 2706 procul
893 2636 1010 2690 Oceano
1028 2639 1076 2690 ha·

149 2722 208 2786 bet,
227 2721 292 2774 lacu
309 2721 446 2792 protinus
465 2730 620 2793 stagnante,
640 2737 728 2791 quem
746 2731 851 2773 vocant
868 2719 992 2775 Nilidem
1012 2765 1020 2780 .
1038 2765 1045 2778 .
1064 2765 1071 2780 .

149 2812 305 2864 Praeterea
333 2807 520 2861 observatum
546 2817 606 2866 est,
636 2817 724 2878 prout
745 2807 774 2860 in
797 2806 974 2861 Mauritania
996 2809 1076 2863 nives

149 2895 295 2949 imbresve
314 2893 492 2959 satiaverint,
512 2893 552 2947 ita
570 2893 669 2948 Nilum
686 2892 857 2946 increscere.
877 2895 919 2947 Ex
937 2895 994 2949 hoc
1012 2896 1075 2949 lacu

147 2980 289 3054 profusus
316 2979 480 3053 indignatur
505 2979 597 3033 fluere
625 2997 680 3050 per
704 2995 823 3033 arenosa
849 2990 878 3033 ct
902 2981 1072 3052 squalentia,

149 3067 306 3139 conditque
337 3084 368 3120 se
397 3065 510 3138 aliquot
535 3065 648 3119 dierum
680 3064 787 3118 itincre.
832 3068 904 3119 Mox
927 3067 985 3122 alio
1011 3068 1075 3122 1888

148 3154 276 3219 maiore,
303 3153 332 3205 in
351 3153 542 3207 Caesariensis
560 3152 750 3206 Mauritaniae
769 3161 851 3224 gente
872 3153 1076 3226 Massaesylum

149 3241 284 3311 erumpit,
304 3250 333 3293 ct
351 3238 496 3294 hominum
518 3248 618 3292 coetus
636 3237 726 3291 veluti
745 3237 962 3309 circumspicit,
977 3239 1075 3295 iisdem

148 3326 312 3380 animalium
331 3325 516 3398 argumentis:
538 3326 645 3379 iterum
666 3323 761 3377 arenis
780 3335 917 3396 receptus
935 3325 1074 3381 conditur

147 3431 251 3468 rursus
273 3432 317 3470 xx.
348 3411 462 3465 dierum
487 3410 607 3465 desertis
626 3409 661 3463 ad
679 3409 826 3482 proximos
840 3411 1018 3483 Aethiopas:
1038 3423 1075 3465 at-

149 3516 206 3573 quc
230 3498 281 3553 uhi
304 3498 410 3553 iterum
432 3495 554 3551 senserit
576 3497 734 3564 hominem,
759 3496 886 3569 prosilit,
921 3496 1004 3553 fonte
1034 3503 1075 3568 (ut
