2356 4282
426 473 691 537 Somonmnnn.
989 478 1051 544 223

127 640 280 714 Mortalis,
305 641 388 702 intus
414 642 527 723 spiritu
549 644 693 704 aetherio
715 658 833 706 monet.

125 742 196 803 Iud.
219 743 308 836 Quae
331 762 365 803 se
389 742 447 804 ista
468 757 552 806 tanto
573 745 716 827 porticus
739 745 840 827 spatio
861 749 1007 830 explicat,

126 843 283 924 Amplexa
304 857 399 905 totam
422 845 522 906 latere
545 846 725 930 tergemino
748 846 906 912 domum?

126 943 203 1005 Sim.
225 948 318 1006 Istam
338 945 447 1027 petitis
469 945 578 1009 littore
600 969 701 1032 nsque
724 947 763 1010 ab
786 950 877 1013 Ionio

58 1053 109 1106 180
125 1045 215 1107 Fieri
238 1048 393 1109 columnis
417 1047 508 1109 iussit
529 1048 563 1108 iu
585 1049 719 1112 amicum
741 1071 831 1111 sunm

126 1151 196 1208 Rex
217 1169 282 1209 non
304 1169 425 1210 avarus.
473 1152 545 1214 lud.
565 1151 651 1211 Intus
673 1152 820 1234 aspicere
841 1175 879 1212 an
901 1152 999 1216 licet?

127 1250 203 1312 Sim.
224 1249 325 1324 Licet,
353 1265 385 1311 et
407 1250 546 1330 iuvabit3
572 1273 707 1335 namque
730 1267 762 1315 et
783 1253 836 1314 hio
858 1255 957 1317 multo
977 1255 1049 1318 litas

127 1351 243 1413 Colore
265 1349 397 1423 tabulas,
419 1372 519 1434 opera
542 1353 699 1414 sollicitae
718 1375 839 1427 manus,

126 1457 197 1513 Rex
218 1451 311 1512 iussit
332 1451 416 1525 addi,
440 1474 519 1535 quae
542 1453 804 1536 Sophompaneae
827 1455 924 1517 decus

59 1565 109 1617 185
127 1559 169 1617 Et
190 1568 256 1615 acta
278 1568 457 1616 monstrent
478 1556 638 1638 hospitum
662 1556 897 1639 conspectibus,

126 1660 166 1718 Ut
186 1656 256 1739 ipse
276 1655 379 1718 famae
402 1656 492 1720 virus
514 1658 640 1720 intersit
664 1679 747 1719 suae.

127 1758 196 1820 Iud.
217 1761 333 1819 Eamus
354 1780 441 1841 ergo.
492 1763 538 1820 Ne
561 1760 656 1821 time:
678 1781 752 1834 non,
775 1760 957 1834 Beniamin,

126 1862 171 1920 Te
193 1859 397 1938 deseremus3
420 1882 484 1922 non
505 1876 577 1922 tuos
598 1860 731 1921 fratrum
754 1862 871 1922 chorus

126 1958 268 2044 Effugiet
289 1961 409 2034 oculos,
434 1961 587 2044 ilicetque
608 1961 712 2023 aderit
734 1961 803 2036 tibi,

57 2075 108 2126 190
126 2062 226 2122 Simul
248 2075 340 2144 atque
363 2062 469 2144 magni
490 2061 649 2142 praesidis
670 2062 767 2124 cardo
794 2076 930 2145 strepet:

124 2163 202 2226 Sim.
221 2165 310 2224 Haec
332 2183 431 2244 opera
452 2162 532 2235 visu,
557 2184 648 2246 quam
671 2177 773 2244 potes,
796 2184 939 2245 propero
960 2183 1045 2245 rape.

123 2270 196 2331 lud.
218 2266 305 2362 Quid
328 2266 386 2327 ista
409 2265 471 2327 sibi
495 2267 560 2328 vult
581 2266 701 2327 femina
721 2267 838 2327 iratum
859 2265 989 2339 rubens,

125 2371 214 2465 Quae
238 2369 327 2429 crine
352 2367 441 2428 vulso
465 2367 568 2428 lacera
592 2381 623 2427 et
645 2366 830 2427 humectans
852 2387 951 2449 genas

125 2469 328 2550 Chlamydem
352 2469 446 2529 simul
467 2467 619 2548 fugientis
643 2493 660 2528 a
681 2483 772 2550 tergo
793 2467 900 2550 rapit?

57 2587 105 2640 195
125 2572 201 2634 Sim.
222 2576 365 2632 Matrona
386 2569 490 2630 forma
512 2567 604 2628 simul
626 2583 657 2628 et
678 2569 817 2650 imperio
839 2583 953 2650 potens

124 2673 266 2736 Stimulis
288 2671 391 2754 negati
415 2670 515 2731 saevit
539 2669 712 2732 incastum
736 2672 848 2752 stupri,

123 2775 322 2859 Regeritque
345 2773 477 2846 crimen,
505 2772 692 2855 scelereque
715 2774 842 2835 obvelat
864 2774 978 2847 scelus,

123 2876 355 2959 Mendacioque
375 2874 515 2958 pignore
536 2875 598 2936 hoc
621 2875 748 2957 quaerit
769 2873 874 2935 fidem.

122 2982 193 3042 lud.
217 2978 320 3044 Video
342 2977 523 3060 nigrantem
544 2976 685 3039 carceris
709 2976 796 3041 saevi
819 2976 955 3039 domum.

53 3095 106 3149 200
123 3082 200 3144 Sim.
222 3083 296 3141 Hoc
316 3078 371 3139 ille
393 3079 517 3139 clausus
540 3080 663 3140 crimen
684 3079 822 3139 alienum
843 3078 910 3139 luit.

123 3185 195 3249 luc.
219 3183 300 3279 Quis
323 3179 363 3241 de
386 3200 513 3241 racemo
533 3180 661 3261 triplice
682 3194 746 3241 tres
769 3200 844 3241 uvas
866 3201 1016 3262 premens

124 3286 257 3348 Genialc
282 3283 369 3367 regis
391 3281 496 3342 fundit
516 3281 549 3340 in
571 3280 708 3362 phialam
730 3280 876 3341 merum?

122 3390 200 3451 Sim.
222 3390 293 3448 Non
316 3399 403 3469 gesta
426 3404 480 3443 res
503 3397 567 3444 est:
591 3381 648 3442 sed
668 3381 931 3464 Sophompaneae
953 3383 1014 3446 fuit

124 3492 188 3586 Qui
210 3488 409 3550 vinculorum
431 3484 547 3552 socius,
570 3484 651 3545 hanc
672 3506 785 3547 somno
807 3484 897 3548 datus

54 3605 106 3656 205
124 3589 295 3673 Imaginem
316 3587 500 3669 conspexit;
527 3601 568 3659 et,
587 3585 714 3648 Phoebi
736 3586 828 3648 iubar
