2356 4282
99 459 140 528 76
461 465 655 524 Macsrnnrr

107 635 138 688 15
158 635 282 696 Ruente
306 635 432 715 Solyma
452 656 516 696 non
540 633 614 695 satis
637 632 736 696 credo
758 633 820 696 fuit

156 738 250 798 Necis
274 753 326 800 aut
348 738 504 820 sepulcri3
528 738 595 800 sola
616 758 676 819 per
698 758 865 799 nemorum
888 738 961 799 loca

157 839 311 923 Vilesque
335 841 472 901 latebras
495 839 677 923 quaerimus
699 838 764 900 fato
789 839 883 914 viam,

156 941 298 1025 Dignum
319 943 448 1004 leaenae
471 941 635 1025 pabulum,
658 941 784 1025 indigni
805 942 948 1004 hostium

157 1044 322 1126 Oppetere
346 1043 456 1105 dextra
477 1044 596 1127 patriae
619 1058 650 1103 et
670 1043 763 1105 busto
786 1045 862 1126 tegi.

107 1159 140 1212 20
158 1145 292 1209 Adeone
316 1145 408 1207 dulce
431 1161 479 1206 est
499 1145 630 1208 vivere!
652 1145 806 1206 miserum
828 1145 931 1207 mori!

157 1248 334 1309 Moriamur
355 1248 468 1320 anime,
496 1246 636 1308 dedecus
658 1247 742 1307 nulla
765 1247 841 1308 satis

158 1356 262 1413 Morte
286 1348 472 1410 eluendum:
498 1370 558 1433 qua
579 1349 664 1421 licet,
690 1362 800 1410 nostro
824 1363 929 1410 tamen

157 1452 316 1536 Sanguine
338 1451 458 1529 luatur3
484 1451 538 1532 qui
560 1448 673 1531 probri
694 1449 881 1511 haerentem
904 1454 1018 1537 nequit

156 1556 276 1615 Labem
298 1553 439 1635 expiare,
460 1551 548 1614 finiat
570 1573 708 1625 sensum,
733 1554 839 1614 ultima

106 1668 138 1720 25
157 1660 259 1718 Ferro
284 1670 419 1718 secutus.
466 1658 565 1722 Verte
588 1656 621 1715 in
644 1655 807 1716 infandum
826 1671 920 1739 caput

156 1763 228 1821 Huc
253 1780 338 1819 arma
363 1759 464 1819 miles.
514 1757 669 1854 Quisquis
693 1778 711 1817 e
735 1756 828 1818 turba
851 1760 940 1820 voles

155 1860 282 1924 Patriae
304 1860 423 1934 ruinas,
449 1860 588 1920 liberum
610 1860 723 1921 ulcisci
746 1880 874 1934 necem,

155 1963 284 2026 Perime
307 1977 478 2024 nocentem
486 1984 495 2040 3
521 1984 593 2021 rara
616 1961 754 2023 vindicta
775 1962 891 2045 obtigit

156 2070 236 2127 Tuta
257 2067 291 2125 in
315 2079 491 2146 tyrannum.
535 2063 690 2157 Quisquis
714 2084 731 2123 e
754 2064 846 2124 turba
870 2065 960 2127 voles

105 2184 138 2236 30
157 2168 295 2229 Referre
318 2167 442 2228 meritis
467 2166 599 2248 gratiam
623 2165 750 2226 facilem
772 2166 862 2239 meis,

155 2271 284 2331 Perime
307 2272 485 2331 volentem:
510 2269 578 2330 sive
601 2267 741 2329 crudelis
766 2268 853 2340 mihi,

157 2375 232 2435 Sive
254 2393 288 2432 es
309 2372 477 2455 benignus,
503 2370 668 2433 commoda
691 2372 763 2455 regi
785 2394 929 2434 manum:

155 2481 292 2537 Mortem
313 2473 449 2555 rependi
470 2474 648 2556 praemium
671 2488 723 2535 aut
744 2495 879 2556 poenam
902 2491 1001 2561 rogat.

156 2577 275 2639 Adeste
298 2578 415 2650 cuncti,
442 2575 549 2639 adeste
557 2598 566 2655 ;
593 2576 670 2659 quid
692 2576 811 2638 frustra
833 2579 881 2659 pii

104 2695 138 2750 ³5
157 2679 403 2744 Exhorruistis‘l
426 2701 522 2751 arma,
544 2700 608 2740 non
631 2680 767 2760 gemitus
789 2695 875 2762 peto.

157 2785 290 2846 Servate
312 2783 466 2862 lacrymas
486 2781 605 2853 funeri,
629 2797 681 2843 aut
702 2784 825 2863 patriae
849 2783 920 2844 date

156 2887 220 2945 Per
241 2905 291 2945 mc
314 2884 436 2949 ruenti!
461 2883 529 2946 Vah
553 2882 672 2965 pudorl
695 2905 790 2946 nemo
813 2887 955 2946 omnium

155 2988 219 3048 Aut
242 3007 312 3047 esse
334 2986 434 3047 iustus
456 2985 540 3047 ultor
562 3001 613 3047 aut
636 3001 742 3068 gratus
764 2986 873 3050 volet?

155 3092 212 3164 lte,
233 3090 287 3162 ite,
312 3088 373 3149 fata
396 3109 554 3171 quemque
578 3110 640 3171 quo
663 3088 780 3150 ducunt
801 3111 870 3151 sua:

103 3210 137 3264 40
156 3191 250 3285 Quod
273 3212 402 3274 quaero,
424 3205 606 3272 promptum
629 3205 693 3252 est:
732 3192 835 3254 sentio
857 3214 919 3276 qua
938 3183 1064 3276 pectoris

154 3293 214 3354 Imi
236 3292 371 3354 latebras
394 3312 452 3354 cor
473 3293 553 3355 mihi
576 3293 724 3376 ignavum
747 3294 855 3376 quatit,

155 3394 247 3455 Illinc
269 3394 422 3457 revellam
442 3394 523 3455 lucis
543 3415 660 3458 exosae
682 3417 798 3457 moras.

110 3533 113 3537 ·
153 3500 206 3557 Me
229 3516 280 3556 me
303 3495 358 3556 ille
378 3496 509 3569 nostris,
533 3495 560 3557 si
581 3511 696 3580 potest,
722 3495 836 3578 poenis
858 3510 946 3559 satur

153 3599 248 3659 Parte
271 3617 289 3658 e
312 3617 426 3660 serena
446 3598 550 3659 lentus
571 3597 725 3681 adspiciat
743 3599 822 3683 poli,
