2356 4282
496 487 666 552 Senectus.

116 662 215 722 ustos
238 656 403 742 coquinae
450 656 515 720 sea
537 656 615 741 quta
639 640 801 719 nictans
824 655 911 720 atem

116 760 267 822 Terimus
291 758 453 843 querelis?
479 757 539 821 fixa
561 760 589 820 si
609 759 737 841 penitus
761 758 851 822 sedet

116 863 206 926 Mori
226 862 381 936 voluntas,
409 861 543 945 iungere
564 876 597 924 et
618 882 721 945 regno
742 862 827 925 iurat

70 966 101 1020 ⁶⁰
118 969 244 1050 Regem
268 964 404 1039 cadenti,
427 964 532 1026 facilis
556 947 596 1026 ad
617 964 715 1026 letum
739 967 790 1027 via
811 981 869 1028 est.

116 1067 300 1130 Redeamus
322 1067 398 1129 illuc
419 1066 503 1129 uude
527 1065 702 1128 discessum
726 1080 774 1128 est
794 1069 887 1139 male,

117 1168 303 1231 Reddamur
323 1169 417 1244 hosti,
446 1168 569 1230 scilicet
591 1190 705 1252 magno
727 1169 845 1253 impius

117 1272 248 1355 Optarit
269 1287 408 1354 emptum
431 1270 554 1343 Medus,
577 1283 611 1331 ut
631 1292 742 1352 regem
767 1273 832 1333 suis

118 1373 226 1437 Addat
245 1373 420 1456 trophaeis,
443 1373 540 1435 dubia
559 1393 639 1456 quae
662 1374 778 1436 merito
802 1374 881 1436 facit

70 1483 99 1538 35
118 1478 233 1541 Hostis
255 1492 428 1560 superstes.
471 1462 545 1539 Sed.
569 1478 650 1536 Num
674 1476 825 1539 Sedecias
846 1490 952 1560 potest

119 1579 272 1663 Cuiquam
294 1578 453 1641 timendus
475 1577 569 1640 esse?
612 1580 699 1644 Arm.
723 1579 758 1640 Si
780 1579 867 1654 vivit,
892 1595 1010 1663 potest.

116 1681 242 1750 Ludum
263 1682 454 1744 insolentem
475 1680 556 1744 ludit
578 1695 610 1744 et
631 1682 731 1744 miros
753 1679 850 1744 habet

117 1787 258 1846 Fortuna
279 1783 414 1858 reditus,
437 1773 580 1868 quosque
603 1783 724 1846 defecit
746 1781 856 1868 gradu,

118 1886 254 1949 Alterna
275 1887 381 1949 visens
404 1908 515 1948 rursus
538 1887 571 1947 in
594 1886 700 1947 stabili
720 1888 812 1948 lo‘cat.

70 1997 100 2050 {0
117 1989 194 2052 Sed.
218 1990 323 2072 Opem
346 1988 403 2050 sed
424 1988 509 2052 undc
532 1988 630 2052 rebus
653 1986 783 2049 afflictis
806 1988 900 2050 iubes

119 2092 259 2174 Sperare
282 2090 440 2153 miseros?
482 2092 568 2158 Aram
592 2089 683 2152 Unde
706 2111 871 2172 speramus
893 2087 985 2150 nihil.

116 2197 185 2257 Nec
208 2195 256 2257 sic
276 2208 381 2256 tamen
404 2195 554 2270 iacemus,
579 2209 612 2257 ut
634 2194 739 2255 nullus
760 2207 856 2277 queat

117 2298 257 2382 Erigere
280 2299 403 2382 lapsos3
428 2313 565 2361 mutuam
587 2312 696 2380 pactus
719 2295 816 2358 fidem

119 2401 213 2463 Sucia
236 2423 322 2463 arma
343 2401 456 2475 iunxit,
481 2400 597 2464 Pharia
620 2421 715 2484 quem
738 2399 832 2461 tellus
854 2398 932 2463 colit

70 2515 100 2568 15
119 2504 197 2565 Late
218 2516 405 2584 tyrannum3
430 2501 563 2564 flectcre
585 2500 647 2563 hac
670 2521 797 2562 cursum
819 2500 905 2562 licet.

119 2608 237 2668 Parent
257 2607 376 2668 amicos
398 2627 565 2688 prospera,
588 2617 763 2688 reposcunt
784 2601 879 2665 fidem

119 2709 275 2773 Adversa.
319 2711 394 2773 Sed.
418 2714 568 2785 Poscant,
590 2709 694 2771 fateor
702 2728 712 2788 3
738 2722 769 2771 at
780 2729 853 2769 raro
866 2708 1047 2791 impetrant.

119 2814 207 2878 Arm.
232 2818 370 2877 Tentare
383 2814 486 2876 liceat.
521 2811 598 2875 ced.
616 2813 738 2893 Nempe
750 2809 838 2872 Medi
849 2825 883 2872 ut
895 2813 1029 2895 gratiam

120 2917 247 2980 Pharao
269 2917 394 2999 tyranni
417 2917 520 3000 capite
541 2930 702 2978 mercetur
725 2935 816 2994 meo;

70 3033 103 3085 80
119 3019 214 3081 Pacis
237 3017 422 3101 redemptae
443 3017 571 3082 victima
591 3033 627 3081 ut
645 3018 720 3082 vilis
742 3015 875 3079 cadam?

119 3121 207 3184 Arm.
232 3121 359 3204 Legunt
380 3121 480 3205 quieti
501 3118 673 3203 praesidia,
695 3118 809 3182 miseri
831 3135 987 3203 occupant

121 3221 353 3316 Quodcumque
366 3224 495 3304 asylum.
530 3222 608 3286 Sed.
628 3224 706 3284 Cum
717 3221 801 3284 mori
813 3235 936 3306 tempus
948 3237 1048 3300 vocat,

119 3325 275 3388 Precario
297 3325 417 3389 vixisse
439 3341 514 3408 post
534 3346 670 3408 regnum
695 3321 803 3408 pudet.

121 3426 210 3492 Arm.
234 3432 356 3489 Matura
379 3427 522 3512 quamvis
544 3426 607 3489 fata
627 3446 711 3486 nunc
733 3424 806 3509 regi
834 3422 951 3500 forent,

70 3531 197 3598 ¹85³Nou
221 3543 294 3591 sant
313 3529 462 3612 parentia
485 3529 665 3612 coniugem,
690 3540 782 3588 natos
802 3530 897 3610 pater

125 3629 235 3694 Orbos
255 3630 443 3717 relinques?
465 3630 548 3694 hanc
567 3643 677 3696 tenent
696 3628 776 3692 iussi
796 3629 880 3693 viam

817 3730 838 3799 6
