2356 4282
375 634 763 732 Argumentum·

495 809 640 818 ----

163 910 471 996 Nabuchodonosor
492 942 563 984 cum
584 921 772 987 Joachinum
793 943 895 1007 regno
918 925 1035 989 movis-

104 1043 170 1101 set,
210 1026 377 1089 Sedeciam
406 1039 551 1108 patruum
582 1026 786 1105 [erosolymis
816 1047 925 1110 regern
957 1047 1032 1088 con-

103 1130 223 1194 stituit:
265 1130 321 1214 qui
361 1127 437 1189 fisus
473 1127 590 1189 deinde
624 1130 854 1212 Aegyptiorum
897 1130 1034 1191 amicitia

101 1232 302 1312 Babylonico
326 1229 459 1293 foederi
486 1231 697 1304 renuntiavit,
728 1245 838 1293 contra
869 1253 961 1314 quam
984 1233 1033 1292 le-

102 1335 224 1396 remias
255 1354 364 1396 coram
393 1348 424 1394 ct
447 1332 601 1393 Ezechiel
623 1333 786 1414 Babylone
815 1334 957 1415 captivus
987 1333 1034 1394 di-

100 1437 222 1500 vinitus
246 1434 471 1497 admonerent:
495 1456 565 1494 nam
587 1435 702 1514 partim
725 1435 897 1516 impiorum
918 1457 1032 1516 prooe-

100 1561 176 1601 rum
206 1539 350 1600 consiliis
382 1538 415 1597 in
448 1553 663 1599 transversum
697 1554 800 1610 actus,
834 1539 950 1621 partim
984 1545 1035 1612 (ut

103 1642 210 1704 refert
233 1640 401 1722 Iosephus)
434 1639 520 1724 quod
544 1639 679 1702 duorum
701 1641 933 1724 Prophetarum
958 1645 1034 1705 vati-

103 1743 283 1806 cinationes
305 1744 338 1802 in
362 1742 503 1824 speciem
525 1757 702 1826 pugnantes
731 1764 801 1804 esse
832 1744 1032 1820 videbantur,

102 1846 244 1907 salubria
275 1846 441 1928 utriusque
477 1846 596 1907 monita
626 1847 831 1928 contempsit;
865 1847 1032 1931 ipsumque

76 1942 85 1969 '
104 1946 187 2011 adeo
210 1947 377 2008 Ieremiam
401 1948 483 2007 male
505 1948 685 2008 mulctatum
707 1948 739 2007 in
762 1947 942 2010 foedissimi
965 1970 1033 2010 car·

102 2051 189 2112 ceris
219 2050 359 2112 cloacam
392 2051 510 2110 coniici
539 2051 588 2110 vel
617 2052 756 2124 curavit,
792 2054 844 2112 vel
872 2053 1030 2135 permisit.

99 2151 335 2215 Premebantur
365 2151 487 2212 interea
523 2152 686 2213 biennium
722 2169 822 2216 totum
856 2155 1032 2217 arctissima

102 2253 276 2317 obsidione
308 2254 521 2336 lerosolymae
566 2277 582 2315 a
615 2255 844 2322 Nabuzardano
890 2258 1026 2341 aliisque

102 2357 238 2419 ducibus
281 2358 368 2441 regis
406 2358 750 2432 Nabuchodonosoris‚
798 2359 901 2421 donec
941 2376 1031 2442 peste

101 2460 251 2543 fameque
301 2460 462 2521 dirissima
508 2461 632 2525 civibus
673 2461 833 2523 exhaustis
879 2463 1031 2527 Sedecias

103 2563 228 2626 occulto
257 2563 392 2637 itinere,
432 2564 619 2646 praemissis
652 2562 727 2624 filiis
761 2579 793 2625 et
827 2565 1027 2649 coniugibus,

102 2681 258 2728 nocturna
280 2664 356 2748 fuga
379 2664 491 2726 urbem
512 2665 649 2738 deserit,
675 2666 764 2726 cuius
781 2665 836 2726 illa
852 2667 920 2748 ipsa
935 2683 1030 2729 nocte

103 2765 211 2829 hostes
238 2767 332 2850 potiti
362 2788 505 2850 magnam
528 2782 667 2848 partem,
704 2782 737 2828 ut
756 2767 789 2826 in
810 2783 964 2830 nocturna
983 2771 1031 2830 in-

101 2869 233 2932 vasione
263 2867 314 2942 fit,
348 2869 592 2930 succenderunt.
643 2869 756 2934 Victor
783 2870 1029 2933 Nabuzardanus

100 2986 136 3034 ut
157 2972 296 3054 primum
315 2992 426 3054 rogem
449 2971 606 3055 dilapsum
636 2974 748 3048 sentit,
780 2995 891 3057 magna
915 2975 1030 3036 celeri-

100 3086 166 3135 tate
200 3072 363 3134 insecutus
391 3094 408 3134 e
439 3071 513 3156 fuga
538 3074 688 3148 retrahit,
721 3091 753 3138 et
774 3075 1031 3140 Nabuchodono-

101 3196 178 3238 soro
207 3174 376 3238 Reblatbis
405 3176 513 3258 agenti
542 3175 684 3240 vinctum
718 3198 788 3238 cum
824 3177 899 3239 filiis
933 3178 1025 3242 sistit.

98 3282 172 3340 Rex
201 3277 291 3339 ferus
320 3277 503 3340 tristissimo
532 3280 713 3361 spectaculo
748 3278 832 3341 filios
861 3294 951 3363 patre
982 3281 1031 3342 in-

99 3394 266 3464 spectante
279 3379 447 3454 trucidari‚
475 3401 549 3441 mox
564 3378 718 3441 Sedeciae
732 3381 794 3464 ipsi
806 3384 915 3444 oculos
929 3380 1030 3446 effodi

98 3498 132 3545 ct
157 3481 234 3544 inde
255 3465 452 3563 Babylonem
475 3481 641 3564 deportari
662 3483 797 3545 mandat.
