2356 4282
485 457 656 535 Sssnreut·

51 627 84 682 ts
103 627 271 708 Nunquam
294 639 427 689 externo
450 627 566 692 violata
586 626 680 710 pede,

102 727 221 791 Pervin
243 727 359 812 cuique
380 745 439 793 est.
463 729 553 797 Atria
575 742 723 792 ovantum

102 828 250 914 Undique
271 832 399 914 plausus
422 852 511 894 saera
535 831 687 908 volutant,

101 934 142 993 Ut
165 953 235 994 oum
257 934 340 997 festo
364 935 504 1003 carmine
525 956 630 1018 nuper

101 1035 260 1098 Personat
281 1037 394 1099 aedes:
418 1052 449 1100 nt
470 1057 554 1099 nune
576 1038 656 1100 alios

52 1144 83 1196 50
100 1137 200 1220 Impia
220 1155 361 1223 pangunt
384 1140 508 1224 agmina
530 1153 649 1201 cantus.

144 1242 213 1301 Neu
233 1241 404 1325 praecipiti
425 1263 484 1303 nos
507 1255 614 1302 mente
636 1240 725 1303 Deus

100 1341 203 1406 Dedit
223 1345 341 1424 exitio3
366 1343 487 1430 digerit
508 1344 585 1407 olim

99 1446 190 1506 Haeo
211 1445 273 1508 fata
297 1446 412 1521 sciens,
438 1468 502 1509 neu
527 1462 635 1515 nostra
657 1461 749 1533 putes

103 1550 241 1609 Temere
264 1549 366 1611 serti:
390 1548 504 1620 librata
527 1572 583 1612 suo

53 1661 81 1711 35
101 1649 188 1710 Aere
211 1649 366 1732 pependit
387 1651 483 1725 linea,
506 1651 651 1734 Solymae

99 1750 186 1813 Dum
206 1766 288 1814 tecta
311 1753 379 1814 solo
401 1752 544 1814 funditus
566 1768 687 1837 aequat,

99 1853 186 1913 Dum
210 1855 293 1916 celsa
317 1853 432 1917 cadunt
455 1854 581 1917 moenia
604 1871 635 1918 et
659 1856 762 1939 ipsum

101 1953 199 2048 Quod
221 1956 306 2019 celsa
327 1955 408 2040 tegit
430 1958 557 2019 moenia
577 1957 703 2021 vallum.

142 2058 281 2119 Defessa
302 2057 367 2120 suis
391 2073 497 2122 aerata
518 2059 595 2131 latet

54 2174 81 2228 ιο
98 2161 196 2222 Porta
218 2160 339 2241 ruinis3
365 2159 468 2223 solido
491 2161 592 2223 vectis

99 2263 203 2324 Fusus
225 2260 338 2337 aheno,
362 2283 433 2325 sera
456 2284 520 2325 non
539 2284 603 2333 uno

100 2363 223 2428 Obdita
245 2363 346 2440 ferro,
372 2365 508 2426 enutrita
530 2364 645 2426 iacent.

99 2465 195 2528 Soliti
216 2466 318 2548 portis
341 2464 410 2529 iura
431 2464 489 2527 sub
510 2465 580 2528 altis

97 2566 252 2630 Reddere
272 2588 428 2650 proceres
450 2588 533 2630 nunc
556 2568 609 2631 illa
631 2568 752 2642 timent,

55 2690 81 2745 35
98 2671 190 2762 Quae
210 2669 263 2732 dat
285 2670 403 2733 victrix
424 2670 494 2732 iura
515 2668 637 2744 libido.v

98 2776 175 2834 Heu
196 2772 252 2834 ubi
275 2786 399 2835 sanetae
423 2774 534 2858 regula
555 2771 660 2859 legis?

99 2874 162 2938 Ubi
184 2874 351 2937 fatidicum
373 2877 513 2938 carmina
536 2874 663 2939 vatum?

99 2978 225 3059 Populo
247 2977 351 3041 nullus
374 2991 508 3045 ventura
530 2978 623 3054 canit,

100 3081 166 3140 Aut
188 3103 243 3142 sua
266 3101 364 3142 vanus
386 3080 508 3142 somnia
528 3095 645 3143 narrat.

56 3198 84 3250 to
141 3180 271 3265 Rigidis
290 3181 367 3243 teeti
389 3202 527 3264 corpora
548 3181 633 3243 villis

100 3285 230 3346 Iacuere
253 3305 357 3358 senes,
378 3281 490 3367 tepido
512 3283 635 3346 crinem

100 3387 219 3449 Cinere
242 3387 362 3470 sparsi3
385 3385 539 3471 prohibet
560 3386 663 3446 nullus

99 3491 173 3551 Hoe
194 3487 234 3550 de
258 3487 393 3569 Solymis
413 3509 542 3553 sumere
563 3488 677 3550 vietor.

100 3589 206 3673 Virgo
225 3590 358 3673 pudicas
379 3590 492 3653 laniata
512 3610 621 3680 genas,
