2356 4282
98 478 160 543 212
497 490 621 552 Gaoru

99 652 254 714 tetidem
276 671 447 738 pepererat
468 672 595 736 uterus3
620 660 704 720 bunc
727 659 799 721 duci
823 661 884 720 tibi

165 755 305 816 Puerum
328 757 516 840 imperabas,
542 774 576 820 ut
597 760 683 822 foret
704 782 797 844 quem
819 775 880 822 tam
904 774 1019 841 potens

165 858 367 941 Benignitate
391 861 512 942 gratiae
535 861 688 943 impleres
712 877 793 923 tuae.

166 956 219 1018 Ad
241 959 299 1020 ista
321 959 416 1023 nobis
439 962 562 1043 profuit
583 978 694 1024 contra
716 963 807 1034 nihil,

168 1060 309 1134 Dixisse,
334 1061 416 1124 vitae
439 1060 490 1123 fila
512 1078 679 1145 rupturum
702 1065 786 1146 patri

100 1170 149 1222 170
166 1161 350 1223 Divertium
371 1164 475 1225 animo
497 1164 645 1248 pignoris
667 1166 734 1226 cari
760 1185 827 1226 suo.

166 1265 245 1323 Nam
267 1277 300 1323 tu
323 1265 462 1346 negabas
485 1267 609 1347 copiam
632 1267 728 1328 nobis
750 1266 806 1339 tui,

165 1364 237 1424 Nisi
260 1363 423 1428 advenitet
443 1366 509 1438 ille,
534 1383 727 1450 conspectus
750 1368 830 1428 dari.

167 1464 256 1558 Quae
280 1465 358 1526 dura
378 1481 544 1549 postquam
568 1467 669 1529 verba
689 1469 837 1550 percepit
860 1488 969 1540 senex,

167 1567 266 1629 Sedet
287 1567 384 1629 silens
405 1569 678 1652 lachrymansque,
702 1568 850 1631 canitiem
872 1590 995 1631 sacram

102 1680 149 1733 175
167 1669 208 1729 Ε1
231 1690 288 1731 era
311 1668 444 1730 foedans
469 1670 604 1752 pulvere
626 1690 663 1731 ae
681 1670 769 1752 turpi
790 1671 866 1732 luto.

166 1771 336 1832 Consumta
358 1790 429 1831 cum
450 1770 511 1831 iam
535 1783 597 1832 tota
621 1768 775 1831 deiiceret
796 1771 897 1832 Ceres

167 1870 270 1963 Quam
291 1872 362 1952 ripa
384 1871 448 1930 Nili
470 1870 613 1944 dederat,
639 1887 670 1933 et
691 1870 811 1953 trepidi
831 1871 972 1932 invicem

166 1971 422 2034 Obverteremus
443 1994 511 2046 ora,
534 1972 638 2035 vicina
660 1971 753 2034 lame.

166 2076 288 2133 lremus
311 2073 387 2135 alias
410 2094 568 2156 quaerere
590 2075 729 2157 Aegypti
752 2073 849 2157 dapes

100 2176 151 2228 18⁰
168 2174 286 2236 Senior
308 2175 459 2237 monebat
479 2196 600 2258 usque3
625 2196 684 2237 nos
706 2175 895 2248 obtendere,

167 2279 235 2336 Tua
257 2277 342 2337 iussa
362 2298 427 2339 non
448 2274 623 2338 lleetenda:
649 2278 676 2336 si
697 2298 814 2358 parvus
836 2277 924 2339 domi

166 2379 280 2439 Frater
300 2391 454 2451 maneret,
479 2399 569 2460 spem
591 2377 657 2440 cibi
678 2380 795 2439 nullam
819 2399 927 2460 super.

167 2479 210 2541 At
229 2494 369 2543 moestus
392 2481 463 2541 ille:
489 2478 574 2541 filios
595 2481 724 2562 peperit
746 2479 826 2542 duos

167 2583 285 2642 Nostro
308 2578 413 2642 fidelis
436 2582 522 2642 socia
544 2581 695 2664 coniugio
717 2580 849 2642 Rachel.

100 2687 148 2739 tet
166 2683 292 2745 Horum
313 2681 406 2764 prior
427 2680 468 2743 de
491 2683 590 2744 latere
612 2681 761 2743 discessit
780 2701 852 2742 meo

165 2785 330 2868 Nunquam
353 2782 529 2861 videndus3
552 2784 622 2845 eins
643 2783 708 2845 heu
730 2781 841 2843 miseri
862 2796 984 2855 truces,

165 2887 210 2947 lta
231 2883 409 2957 nuntiastis,
432 2885 576 2946 membra
598 2885 779 2946 lacerarunt
801 2884 900 2945 ferae.

168 2987 203 3048 Si
223 3005 308 3047 nunc
329 2985 368 3046 ab
391 2987 493 3049 oeulis
515 2986 648 3047 alterum
671 2985 784 3067 rapitis
804 2985 897 3056 meis,

165 3088 207 3150 Et
227 3087 348 3171 aliquid
371 3087 419 3149 illi
441 3087 576 3161 eveniat,
601 3087 650 3168 (in
672 3088 789 3148 multos
812 3087 898 3147 enim

100 3197 149 3250 190
166 3193 312 3252 Humana
335 3209 426 3251 casus
448 3189 512 3253 vita
533 3203 690 3272 perpetuo
713 3191 815 3271 patet)

166 3291 332 3374 Respieite
354 3290 442 3352 canis
464 3311 523 3352 oro
546 3289 624 3374 quid
646 3287 702 3352 liet
723 3289 814 3351 meis.

166 3393 270 3454 Luctu
290 3411 436 3473 peresus,
462 3392 536 3452 tabe
558 3389 707 3452 tristitiae
728 3387 831 3451 lluens

168 3492 276 3554 Abibo
302 3492 374 3554 luee
397 3493 517 3555 eiectus
539 3492 579 3553 ad
601 3492 713 3554 mortis
735 3493 813 3554 loca.

168 3597 260 3659 Nunc
280 3607 312 3656 te
337 3594 508 3679 perillum
529 3613 659 3677 quaese,
681 3594 709 3654 si
731 3593 779 3654 fas
800 3607 858 3665 est,
883 3613 1008 3665 senem,
