2356 4282
416 409 583 474 Cnmsrus·
596 411 749 472 Pramus.

119 576 363 643 Mundo‘redde
385 577 481 641 diem.
506 580 569 642 Par
589 580 690 642 semel
711 579 862 643 omnihus
906 584 911 599 ¹
948 586 955 627 ἴ

118 680 221 740 Unum
242 677 374 763 flagitiis
396 700 517 764 quaere
538 681 697 762 piaculum

47 790 99 844 365
121 779 219 870 Quod
239 801 304 842 non
327 780 500 842 Threiciae
520 781 649 865 relligio
672 780 770 857 Sami,

117 881 281 944 intellecta
300 882 384 945 feris
405 904 470 946 non
490 883 609 946 cecinit
629 883 708 964 lyra,

118 985 191 1045 Non
212 984 324 1066 glebae
346 983 475 1047 soboles
497 984 647 1049 fatidicus
668 1007 750 1070 puer

119 1086 308 1164 Tyrrhenos
329 1086 452 1149 monuit
473 1085 590 1151 doctor
610 1088 785 1172 aruspices.

120 1185 210 1248 Idem
231 1201 340 1250 nostra
362 1208 460 1251 cruor
485 1189 620 1252 crimina
642 1189 751 1263 diluat,

47 1300 101 1353 370
119 1290 224 1379 Quem
245 1289 333 1350 nullo
354 1289 501 1351 meritum
524 1290 659 1351 crimine
681 1289 831 1352 fudimus.

119 1393 192 1453 Hoc
212 1391 353 1472 placatus
375 1389 452 1452 ades
475 1391 628 1472 sanguine
650 1391 771 1465 mitior,

119 1493 163 1552 Et
184 1511 246 1572 pro
266 1504 315 1553 tot
333 1490 461 1574 populis
483 1489 629 1553 sontibus
651 1491 781 1553 unicum

121 1595 235 1654 insons
261 1613 348 1654 sume
371 1604 482 1673 ceput3
503 1612 568 1652 non
590 1591 695 1673 potuit
715 1591 786 1654 dari

104 1695 196 1757 ³Aris
218 1696 281 1756 ulla
302 1694 365 1756 tuis
385 1693 516 1777 dignior
537 1693 650 1755 hostia.

506 1834 660 1853 u*

429 1912 547 1973 Actus
565 1913 732 1986 quintus.

291 2045 428 2108 reseptos
445 2041 667 2095 Arimattensts.
702 2009 886 2096 sucosam.

121 2149 269 2230 Spectato
293 2145 397 2208 cives:
418 2145 526 2207 Pontii
548 2167 661 2210 munus
683 2145 773 2208 fero:
941 2210 944 2215 ,

120 2251 160 2311 Ut
182 2246 298 2310 condat
318 2247 482 2310 hominem
502 2264 590 2311 terra
612 2262 644 2311 et
664 2247 819 2310 humanae
840 2263 960 2320 manus,

119 2354 223 2412 Prece
246 2349 456 2413 obtinendum
480 2366 547 2430 est3
572 2349 676 2413 nescit
699 2349 875 2411 Ausonium
897 2366 999 2429 genus

120 2451 183 2518 Vel
206 2462 318 2535 sponte
342 2466 432 2514 reete
454 2450 576 2527 facere,
599 2451 653 2514 vel
676 2449 774 2535 gratis
795 2448 888 2510 male.
953 2516 955 2521 .

85 2564 101 2614 5
122 2552 227 2616 Omne
251 2565 300 2615 est
321 2553 355 2612 in
382 2575 443 2614 usu
463 2551 603 2615 facinus:
625 2550 676 2612 his
697 2564 834 2612 mortem
855 2548 1019 2639 imputant,

125 2638 191 2714 illis
214 2652 429 2737 sepulchrum.
478 2655 548 2717 Nic.
570 2655 673 2735 Parce
693 2651 784 2715 vanis
804 2650 950 2724 vocibus,

122 2755 271 2837 Iosephe,
291 2756 354 2832 vel,
378 2755 406 2817 si
429 2755 510 2818 iusta
532 2770 594 2818 tam
616 2754 709 2818 dulce
733 2767 782 2816 est
803 2737 938 2837 queri,⁹'
965 2834 968 2841 Ι

123 2854 258 2918 Dimitte
277 2857 422 2932 Romam,
447 2878 566 2942 quaere
587 2855 759 2941 propiores
781 2874 867 2915 reos.

126 2957 231 3053 Quem
255 2955 390 3043 plangis,
416 2957 504 3021 huuc
526 2978 591 3023 non
612 2956 743 3021 Romuli
765 2955 885 3019 occidit
906 2976 1019 3042 genus,

190 3194 224 3247 V.
251 3195 310 3250 365.
342 3192 537 3259 Samothrace,
568 3210 596 3246 v.
622 3191 817 3248 Samothracia
842 3191 935 3249 insula
955 3210 1052 3268 prope

124 3278 288 3347 Thraciam,
306 3276 481 3333 cabirorum
499 3276 652 3332 nobilitata
668 3277 768 3332 sacris.

191 3366 226 3419 V.
245 3366 304 3420 366.
315 3364 469 3436 Orpheus,
487 3363 696 3434 mysteriorum
711 3374 814 3419 auctor
829 3363 1051 3421 Eleusiniorum.

194 3453 228 3506 V.
247 3450 305 3506 666.
323 3442 462 3515 Bacchus,
481 3449 596 3505 Cereris
612 3442 869 3524 vsl³Proserpinse
887 3452 929 3522 (h.
949 3468 974 3506 e.
992 3463 1051 3508 ter·

127 3539 191 3606 rae)
208 3535 295 3607 filius,
311 3536 521 3609 Dionysiorum
539 3533 682 3592 eonditor.
