2356 4282
98 469 143 541 60
518 474 657 537 Persen

169 639 340 703 Perculsus
361 664 436 705 nno.
458 644 553 704 Parta
573 642 636 704 iam
657 643 781 726 patriae
806 644 886 708 ultio
908 659 977 710 esta

170 740 319 806 Concede
341 745 448 809 vitam.
471 746 536 807 Cur
554 745 645 806 malis
666 745 823 828 prohibes
843 746 934 810 frui?

103 846 152 904 155
173 844 363 930 Adimisque
383 860 497 922 morte,
523 846 610 907 mille
634 866 692 908 cur
716 863 836 911 mortes
859 849 964 912 veliti

171 946 236 1009 Sed
256 948 341 1010 bella
362 968 491 1010 vereor.
517 951 661 1031 Regeret
682 964 843 1030 acceptam
866 949 957 1014 illico

171 1048 301 1111 Cladem
325 1063 357 1111 et
379 1048 484 1110 furori
507 1049 599 1110 frena
621 1049 738 1111 laxabit
761 1049 855 1112 dolor

169 1150 344 1234 Pudorque
367 1151 512 1213 stimulos
534 1151 644 1214 addet:
669 1168 701 1214 ut
724 1152 848 1236 rigidos
872 1174 951 1238 aper

172 1254 338 1315 Traiectus
361 1274 465 1315 armos
487 1253 617 1316 frendet
640 1268 671 1316 et
693 1254 839 1337 pavidum
862 1257 946 1318 truci

103 1367 153 1422 100
170 1360 235 1418 Per
255 1357 317 1418 tela
337 1377 494 1439 praeceps
518 1356 613 1419 dente
636 1373 805 1420 venantem
828 1358 918 1440 petit.

171 1459 353 1542 Accingere
376 1459 497 1521 animo:
520 1458 631 1520 forsan
651 1460 714 1521 hoc
735 1482 849 1544 magno
870 1460 952 1521 velis

171 1561 258 1625 Olim
282 1560 490 1643 redemptum.
514 1560 601 1656 Quid
623 1560 710 1644 quod
730 1563 792 1623 hoc
814 1562 918 1645 ipsum
941 1574 989 1624 sat
1010 1575 1062 1637 est,

171 1663 261 1725 Unde
285 1665 339 1725 ille
361 1684 495 1746 poenam
520 1662 678 1744 expendat
699 1676 730 1723 et
750 1664 874 1725 ferrum
894 1665 1026 1741 imbuat,

171 1764 267 1857 Quod
288 1763 367 1827 seuit
390 1780 423 1826 et
445 1765 530 1849 quod
553 1763 675 1829 voluit?
696 1768 758 1839 An,
781 1766 808 1826 si
829 1765 898 1828 sors
922 1766 1013 1829 daret

104 1869 232 1942 maliti,
255 1866 469 1931 occidissem?
491 1888 645 1950 nusquam
667 1888 728 1951 ego
753 1868 865 1929 infelix
888 1866 1007 1944 sorem,

170 1975 331 2055 Nusquam
353 1972 479 2032 israelis
501 1991 632 2031 nomen:
658 1969 742 2046 huic,
769 1971 918 2055 quoniam
940 1972 1029 2046 licet,

169 2077 240 2136 Nou
262 2073 352 2156 paria
373 2070 536 2134 reseram?
558 2093 622 2133 non
645 2093 744 2147 meos,
770 2094 835 2134 nou
857 2094 907 2135 me
929 2072 1051 2157 impetu

171 2175 318 2238 Ulciscar
339 2174 426 2237 uno?
451 2176 584 2236 Caetera
605 2189 639 2235 ut
661 2189 796 2250 cessent,
824 2196 894 2259 age,

171 2281 314 2362 Linques
336 2278 470 2338 inultum
491 2275 639 2337 Numen?
661 2277 728 2352 llle,
756 2277 811 2338 ille
832 2278 979 2361 imperat,

104 2393 153 2447 170
170 2384 242 2443 Hoc
265 2380 320 2463 qui
343 2380 485 2442 laturum
507 2379 633 2441 cecinit.
660 2379 711 2439 An
733 2401 798 2442 non
818 2380 881 2441 hoc
904 2401 979 2441 rear

171 2482 359 2547 Ceeinisse?
381 2482 469 2580 Quid
489 2503 573 2544 nuno
595 2483 695 2546 maius
719 2483 857 2545 extincto
879 2497 973 2566 potes

170 2589 328 2649 Astruere
352 2584 481 2649 Sisara?
502 2587 609 2646 Funus
631 2601 809 2647 extremum
831 2585 950 2668 impius

169 2694 234 2753 Per
255 2711 305 2751 me
328 2690 429 2752 hostis
451 2690 583 2751 habeat:
609 2710 700 2751 saeva
721 2702 893 2771 praerepto
917 2687 1034 2751 cadent

170 2792 260 2855 Duce
282 2791 376 2854 bella.
401 2795 509 2854 Eatur.
533 2794 608 2852 Fata
630 2791 796 2854 decretum
819 2805 868 2852 est
888 2791 991 2873 sequi.

103 2904 151 2959 175
171 2895 314 2986 Quanam
337 2893 556 2977 exequemur?
579 2892 674 2989 Quod
696 2914 796 2978 genus
821 2891 877 2953 leti
900 2892 1031 2974 placet?

171 2997 310 3061 Virusne
333 2994 468 3078 dapibus
490 2994 663 3058 misceam?
686 3018 725 3056 an
746 2994 861 3079 laqueo
883 2996 1052 3077 premam?

169 3096 286 3160 luvade
309 3095 433 3158 facinus
456 3098 533 3159 sola.
556 3098 728 3159 Femineos
750 3098 838 3159 Sisar

170 3203 288 3261 lterum
310 3198 491 3282 triumphos
514 3198 654 3260 decoret.
677 3199 789 3261 Inveni
811 3197 903 3262 viam.

169 3301 306 3365 Proviso
329 3322 438 3362 rerum
460 3299 537 3384 quid
561 3314 632 3384 agat
654 3313 685 3361 et
706 3299 763 3362 tell
786 3321 885 3384 genus

104 3415 153 3469 180
171 3403 355 3466 Scrutabor.
367 3424 471 3466 omne.
496 3404 588 3466 otor.
616 3400 721 3470 Video
744 3423 807 3487 quo
827 3415 939 3485 vergat
958 3400 1065 3466 furor.

170 3513 309 3570 Mactare
334 3507 471 3568 Sisaram
493 3504 607 3566 statuit.
632 3506 736 3588 Atque
760 3504 878 3566 utinam
899 3506 1004 3566 Barac

170 3608 318 3672 Fortisve
341 3606 467 3670 adesset
486 3606 634 3673 choral
655 3609 732 3668 'Pam
752 3606 833 3669 lacte
856 3603 955 3668 edere
