2356 4282
602 472 724 535 Gnorn

498 644 615 709 Actus
662 651 840 725 quartus.

274 775 398 830 Nuntius
425 779 515 845 prior.
563 778 671 834 ctorue
704 784 877 836 Iudaicarum
905 786 1067 837 multem.

546 864 671 920 Nuntius
703 871 792 921 alter.

209 973 352 1038 Tandem
376 975 562 1052 execranda,
587 976 736 1055 barbara,
763 977 902 1056 infanda,
928 978 1031 1064 impie

208 1077 364 1141 Facinera
385 1076 467 1162 fugi,
489 1099 550 1142 nec
573 1079 647 1142 satis
669 1078 739 1165 fugi
761 1095 881 1144 tamen:

209 1178 431 1274 Quodcunque
454 1180 539 1266 vidi,
561 1181 717 1264 sequitur,
740 1196 773 1245 et
793 1197 894 1245 totum
914 1183 1022 1245 scelus

211 1280 322 1344 Oculis
344 1282 484 1345 oberrat.
532 1283 625 1348 Cher.
646 1284 752 1348 Testis
776 1307 814 1347 an
837 1287 944 1349 certus
967 1285 1070 1362 renis,

175 1391 191 1441 5
211 1384 376 1466 Supplicia
395 1386 476 1451 ¹vatis
499 1385 569 1447 dira
592 1386 729 1450 Galilaei
751 1384 887 1449 ferens?

208 1486 308 1548 Num.
327 1507 375 1568 pr.
397 1486 430 1550 Si
450 1501 575 1571 quaest
594 1488 1124 1573 suburaegensrelegatenitimas‚

210 1589 300 1685 Quae
324 1591 448 1653 coelum
471 1606 503 1653 et
525 1605 607 1654 astra
627 1592 791 1676 mariaque
814 1607 848 1654 et
868 1606 973 1655 terras
994 1590 1060 1655 Dei

210 1694 323 1775 Ignara
345 1693 459 1768 cernit,
482 1694 574 1776 pellit
596 1694 654 1756 ubi
675 1693 790 1756 caedes
811 1693 939 1770 famem,
990 1775 992 1779 7

211 1797 250 1857 Et
275 1817 382 1857 mensu
404 1796 526 1858 similes
546 1797 638 1880 ponit
659 1797 799 1880 epulanti
820 1796 936 1880 dapes3

160 1901 193 1956 10
209 1897 280 1959 Non
303 1897 363 1960 ista
385 1897 517 1961 faceret.
562 1901 654 1962 Odor.
674 1900 843 1961 Neminem
863 1898 1002 1963 insontis
1023 1901 1086 1964 viri

210 2001 311 2085 Igitur
332 2000 499 2064 misertum
518 2003 589 2065 est‘?
608 2022 703 2064 nemo
726 2000 866 2064 adhaec
888 2003 1010 2086 gemuit
1033 1999 1129 2066 melu?

208 2105 308 2166 Num.
321 2124 368 2185 pr.
391 2104 721 2167 Sanemiscrtumest:
734 2102 901 2188 sedmagis
912 2103 986 2167 fera
996 2103 1127 2169 nonfuit

210 2207 348 2269 Saevitia
371 2228 463 2290 quam
485 2205 559 2267 dum
581 2206 694 2289 parcit.
722 2207 867 2291 Urgebet
888 2206 985 2269 nimis

210 2309 363 2392 Exangue
388 2328 505 2390 corpus
526 2306 671 2390 pondere
693 2309 832 2370 attritum
854 2328 911 2371 suo

160 2420 192 2472 15
213 2412 344 2474 Infamis
366 2411 474 2485 arhor,
499 2431 651 2494 morsque
675 2409 738 2472 iam
759 2423 890 2472 steterat
909 2430 1033 2496 prope:

211 2515 274 2577 Sed
296 2513 379 2575 lenis
402 2513 458 2574 ille
483 2513 618 2573 militum
639 2512 778 2595 populus
799 2527 885 2575 vetet

210 2617 366 2692 Miserum
387 2615 509 2697 perire,
534 2614 640 2676 socius
664 2633 832 2676 aerumnae
855 2612 950 2677 datur
1038 2694 1041 2699 γ

210 2721 328 2802 Libyes
350 2731 473 2780 creatus
495 2715 576 2778 urbe
596 2716 740 2778 Theraea
763 2716 883 2779 Simon.

211 2825 284 2885 Non
304 2821 394 2882 illum
415 2832 513 2881 amata
534 2818 620 2880 ruris
642 2818 766 2902 angusti
790 2817 883 2903 quies

159 2925 195 2978 20
211 2921 384 2985 Defendit:
406 2919 496 2981 urbis
519 2919 595 2983 vitia
616 2918 805 3004 fugientem,
827 2935 979 3004 premunt
1167 2935 1170 3021 t

211 3025 307 3089 Urbis
328 3023 476 3086 furores:
499 3036 619 3084 tractus
641 3042 720 3106 ergo
742 3018 807 3084 non
829 3028 886 3084 suo

213 3125 364 3190 Succedit
385 3125 489 3199 oneri,
516 3124 632 3208 nequis
652 3124 830 3208 ambigeret
849 3120 936 3186 trahi
974 3129 977 3133 ’
998 3134 1000 3139 “

211 3230 252 3291 Et
273 3229 487 3290 immerentes.
535 3228 629 3292 Ultor.
647 3224 756 3313 Pande
777 3224 840 3286 iam
858 3238 961 3309 ,totam
984 3223 1079 3286 simul

211 3330 341 3393 Faciem
362 3328 534 3411 malorum3
556 3327 627 3392 fare
650 3328 721 3413 quis
735 3340 867 3412 'poenae
885 3323 1013 3401 modus,

204 3561 247 3685 'm
280 3545 318 3642 V
350 3550 393 3604 18·
422 3543 537 3616 ruera„
557 3542 650 3607 insule
674 3559 771 3617 prope
795 3543 923 3612 cretum
957 3542 1042 3601 cuius
1067 3542 1136 3599 urbs

249 3646 332 3685 euns.
