2356 4282
413 455 682 520 Soruoursusus.
979 449 1041 523 231

114 625 177 687 Ios.
198 622 316 687 Etrus
340 623 420 710 quid
440 647 521 712 ergo
544 626 632 710 cogit
651 625 728 688 hino
750 621 946 689 discedere?

114 727 186 790 Iud.
209 727 308 790 Domi
330 730 472 805 relictus,
496 752 562 794 non
583 727 825 812 relinquendus,
849 739 951 809 puter.

64 837 96 891 35
113 831 175 893 Ios.
199 833 251 891 An
270 831 333 894 huo
355 833 478 917 etipse
500 847 612 915 posset
632 830 748 895 adduci
771 828 892 893 senex?

112 932 185 995 lud.
206 933 296 995 illius
316 947 366 996 ost
386 949 541 997 statuere:
565 955 682 1017 parere
706 946 754 996 est
775 953 889 995 meum.

114 1036 178 1097 Ios.
201 1036 323 1098 Amore
344 1036 431 1099 sorte
453 1035 514 1098 filii
534 1037 598 1099 huc
619 1051 729 1119 posset
750 1035 845 1098 trahi.
967 1025 971 1035 ⁴

115 1140 187 1200 lud.
212 1143 288 1200 Nam
312 1159 404 1200 carus
427 1139 475 1200 illi
497 1138 561 1201 suit
582 1153 614 1200 et
635 1139 689 1202 hio
717 1159 847 1221 semper
865 1159 959 1221 puer.

117 1245 179 1306 Ios.
203 1241 299 1339 Quod
323 1264 439 1305 nomeu
461 1242 510 1303 illi
531 1242 660 1327 genitor
682 1241 857 1324 imposuit?
878 1264 972 1328 rogo.

70 1347 105 1400 4⁰
121 1348 192 1410 Iud.
214 1350 304 1407 iussn
323 1345 433 1408 vocari
456 1345 623 1406 Beniamin
644 1344 748 1428 patrio
771 1345 861 1408 solet.

116 1452 181 1513 Ios.
202 1450 343 1509 Dextrae
364 1447 505 1530 potentis
529 1467 623 1509 omen
647 1447 709 1510 isto
732 1447 766 1509 iu
788 1446 919 1510 nomine
942 1461 1000 1510 ost.

116 1554 187 1615 lud.
209 1550 297 1646 Quid
318 1550 405 1614 hoc?
425 1549 594 1613 Hebraeae
605 1550 750 1632 percipis
768 1550 896 1634 linguae
908 1548 1046 1615 sonum?

115 1658 179 1719 Ios.
200 1658 241 1716 Et
262 1654 334 1738 ipse
354 1653 473 1717 vestris
495 1651 583 1714 adsui
606 1652 766 1736 quondum
786 1653 879 1716 locis.

116 1760 186 1822 lud.
208 1760 281 1819 Huc
303 1776 384 1841 quae
406 1755 477 1818 tulit
499 1770 530 1819 te
552 1776 672 1829 caussa,
694 1754 784 1818 sifus
800 1776 959 1839 quaerero
976 1754 1047 1819 est?
1160 1757 1165 1766 “

65 1860 102 1912 45
118 1862 180 1926 Ios.
203 1861 339 1943 iniquus
357 1858 395 1920 in
412 1881 463 1921 me
484 1859 580 1935 liuor,
607 1858 784 1922 inclemens
804 1857 885 1922 fera.

114 1966 186 2027 lud.
207 1966 279 2024 Nou
301 1961 355 2023 illa
376 1975 487 2024 nostro
508 1961 611 2044 pestis
631 1962 740 2047 ignota
758 1978 807 2027 est
829 1965 909 2029 solo.

115 2068 180 2128 Ios.
198 2063 347 2130 Vendiue
368 2079 400 2126 et
421 2064 488 2126 illio
510 2065 650 2127 liberum
672 2087 791 2148 corpus
812 2065 919 2129 soleti

116 2170 188 2231 Iud.
208 2169 280 2228 Hoc
302 2185 372 2227 mos
393 2179 426 2228 et
446 2168 514 2230 aori
536 2168 614 2231 scita
636 2169 795 2251 mpptioio
816 2183 935 2232 vetant

115 2273 178 2335 Ios.
202 2269 267 2332 Scd
287 2270 381 2334 multa
402 2269 476 2333 fieri
495 2271 602 2342 video,
627 2293 707 2356 quae
729 2271 819 2354 leges
841 2285 957 2334 vetant.

63 2391 98 2444 50
115 2376 187 2439 Iud.
209 2373 275 2438 sed
297 2396 388 2458 quae,
410 2374 473 2435 nisi
495 2374 643 2435 homines
664 2373 807 2457 puniant,
833 2372 926 2457 punit
941 2376 1041 2439 Dent.

114 2480 180 2541 Ioo.
200 2481 263 2539 lam
285 2476 339 2538 dic
361 2474 447 2559 quod
468 2474 517 2534 illi
540 2495 657 2535 nomen
679 2476 794 2536 amisso
816 2474 886 2538 fuit.

115 2583 186 2643 Iud.
206 2579 376 2660 Iosephus3
401 2577 464 2639 hoc
487 2577 638 2660 egregius
660 2562 812 2662 imposuit
832 2601 975 2662 parens.

113 2686 176 2746 los.
201 2681 310 2747 Vestri
324 2681 410 2767 pquid
430 2681 511 2743 iilud
532 2701 612 2745 voce
635 2683 795 2745 sermonis
817 2681 927 2746 notati

115 2787 186 2848 lud.
209 2781 375 2867 Significat
395 2783 593 2846 incrementa
616 2783 725 2847 felicis
745 2783 880 2848 domus:

64 2889 178 2954 5510s.
201 2889 266 2948 Res
290 2905 384 2967 saepe
405 2885 607 2967 respondere
629 2886 814 2950 nominibus
835 2888 927 2952 solet.
1003 2926 1006 2931 ·

116 2989 188 3052 lud.
210 2987 275 3050 Sed
297 2987 360 3050 hoo
382 2987 477 3050 inane
499 3008 618 3051 nomen
639 3003 770 3051 eventus
792 2987 900 3052 docet·

115 3094 178 3154 loe.
199 3094 247 3153 Ne
269 3104 391 3152 temere
413 3088 602 3173 desperate3
625 3089 671 3151 nil
693 3089 809 3155 durum
829 3096 915 3157 Deo.

115 3196 188 3257 luat.
208 3195 344 3266 Utinam,
368 3191 426 3254 sod
446 3192 618 3275 insperata,
641 3191 697 3254 det
716 3193 812 3256 uobis
832 3192 947 3257 Deusi

116 3300 181 3361 los.
201 3295 311 3372 Dedit,
335 3309 368 3358 et
389 3292 485 3357 dabit.
529 3294 696 3378 Respicite
716 3316 780 3368 me,
803 3295 923 3359 fratres
944 3294 1020 3361 mci.

65 3414 98 3468 60
117 3399 274 3482 Iosephus
297 3419 359 3481 ego
381 3417 468 3476 sum3
492 3417 615 3459 nomen.
634 3397 797 3481 Aegyptus
816 3396 897 3460 mihi

115 3501 271 3583 imposuit
292 3499 378 3562 aliud
386 3523 396 3580 3
421 3522 514 3584 quam
535 3522 639 3562 meam
658 3513 782 3564 ‘sortem
807 3501 932 3567 auserit

117 3604 238 3665 Fautor
263 3602 365 3679 Deus,
388 3602 516 3667 videtis.
559 3605 612 3664 Ex
632 3603 737 3668 auimo
757 3605 873 3689 procul
