2356 4282
103 453 166 523 106
459 455 666 517 Manarnnru

103 630 152 683 175
171 627 319 709 Regnare
334 625 465 709 longum
476 646 541 687 non
552 639 669 707 potest.
714 627 796 691 Nat.
813 626 961 702 Possum,
973 624 1078 689 abnuo:

169 731 349 811 Testorque
372 728 478 790 nullos
500 748 571 790 esse
596 750 658 813 qua
679 750 783 814 regno
803 731 904 792 Deos.

169 829 318 893 Abscede
338 845 443 894 vates:
466 830 604 895 trahitur
626 852 667 894 en
687 832 813 896 vinctus
834 833 917 894 mihi

168 939 238 998 Rex
257 932 445 1016 perduellis.

268 1087 528 1142 Nabuchodonosor.
565 1088 709 1141 sedecias.
747 1090 823 1142 Ritu
844 1089 989 1143 Sedectoe.

376 1203 467 1261 Tene
489 1220 550 1284 ego
573 1198 737 1261 infandum
760 1215 855 1283 caput

169 1299 325 1384 Aspieio?
345 1299 402 1362 sed
424 1322 487 1385 quo
508 1300 669 1385 perfidum
691 1302 779 1364 cultu
802 1300 906 1364 decet.

101 1410 150 1463 180
167 1407 237 1466 Hac
260 1424 316 1487 spe
338 1417 471 1486 paterna
493 1419 619 1487 sceptra
641 1403 805 1467 moderari
829 1426 925 1465 manu

167 1506 331 1569 Dederam
353 1507 545 1581 immerenti,
567 1506 652 1569 bella
673 1522 707 1569 ut
729 1508 873 1592 ingratus
894 1506 974 1568 mihi

167 1610 279 1672 Hostia
301 1609 462 1692 reponas?
505 1610 578 1674 Seu.
601 1612 728 1686 Fateor,
751 1612 911 1696 ingratum
934 1625 1031 1684 tenes,

169 1714 309 1787 Sontem‚
331 1711 503 1775 rebellemt
526 1713 595 1775 dira
619 1713 776 1798 supplicia
798 1714 923 1797 ingere,

167 1817 368 1899 Ferrumque
394 1830 425 1877 et
450 1817 561 1900 ignes3
584 1816 672 1878 mille
693 1837 754 1899 per
775 1829 896 1879 mortes
919 1837 1006 1879 neca.

100 1928 151 1984 185
168 1919 220 1980 Nil
242 1918 445 2003 deprecabor
465 1920 620 1983 meritus:
643 1935 673 1981 at
694 1920 786 1982 talem
809 1942 939 2005 quoque

166 2021 301 2107 Aliquid
324 2044 440 2106 rogare
460 2022 600 2084 liberum
624 2022 738 2086 infelix
758 2045 869 2085 manus

167 2125 262 2209 Cogit
283 2138 466 2207 parentem3
488 2147 585 2208 parce
606 2124 783 2211 puerorum
807 2125 920 2203 indoli,
945 2110 948 2119 ¹

166 2231 208 2291 Et
230 2249 311 2312 quos
332 2227 470 2290 tenellae
492 2226 616 2309 primus
637 2227 747 2291 aetatis
771 2227 871 2289 decor

167 2329 324 2392 Subducit
345 2329 423 2407 irae,
445 2329 549 2391 uictor
571 2329 721 2417 indignos
742 2345 818 2414 puta

99 2446 148 2500 190
166 2434 313 2530 Quorum
336 2446 485 2494 cruentes
509 2431 661 2515 sanguine
685 2433 831 2494 ultricem
854 2454 991 2495 manum.

165 2540 237 2598 Non
260 2533 340 2595 illud
362 2555 431 2609 oro,
455 2533 611 2616 pristinae
633 2547 668 2595 ut
691 2535 787 2597 sortis
810 2534 909 2596 decus

164 2641 354 2721 Nomenque
377 2649 525 2715 teneant3
553 2635 667 2697 liberis
689 2637 771 2699 hanc
797 2658 886 2720 spem
909 2636 990 2700 meio

164 2738 313 2802 Perfidus
335 2738 455 2800 ademi:
479 2753 602 2823 patere,
627 2739 711 2823 quod
737 2740 838 2822 captis
861 2754 908 2801 sat
931 2755 989 2817 est,

166 2843 297 2906 Servire
321 2841 467 2918 miseros,
493 2840 596 2903 nobili
618 2857 649 2904 et
667 2841 792 2904 uinctos
814 2841 925 2925 iugum

99 2965 148 3018 195
165 2945 324 3026 Accipere
348 2944 442 3005 collo.
468 2942 613 3026 Regibus
636 2964 730 3004 nemo
752 2943 815 3006 hoc
837 2959 945 3028 neget.

166 3046 220 3108 Sic
242 3045 301 3107 tibi
325 3057 488 3128 superstes
510 3046 596 3109 vivat
617 3045 672 3106 illa
693 3067 767 3128 spes
789 3044 913 3121 domus,

165 3148 320 3234 Aliusque
345 3146 413 3208 solo
436 3146 566 3209 nomine
588 3146 838 3210 Evilmerodach

164 3251 291 3317 Virtute
310 3247 433 3323 reddat,
457 3248 571 3311 reddat
597 3265 629 3313 et
651 3251 739 3313 vultu
762 3265 884 3333 patrem
892 3273 902 3331 3

164 3355 335 3438 Partisque
358 3354 497 3437 populos
520 3352 613 3416 addat
634 3353 779 3439 imperiis
802 3375 916 3432 novos,

231 3521 267 3575 V.
288 3526 348 3578 197.
363 3519 595 3587 Evilmerodach‚
614 3537 666 3575 rex
673 3520 843 3591 Babylonis,
863 3521 914 3594 qui
927 3523 1088 3579 lonchinum

162 3622 261 3680 rogem
281 3621 399 3661 carcerc
416 3605 554 3663 liberavit
573 3623 669 3680 eoque
686 3623 755 3663 usuc
774 3617 818 3663 eat
834 3605 1063 3667 familiarissimo.
