2356 4282
477 463 649 529 Senserit.

55 648 83 703 30
102 634 205 712 Ades,
228 651 260 700 et
280 634 432 717 lucrymis
455 635 592 718 implere
612 634 705 708 meis,

99 743 185 802 Dum
208 738 321 801 vulnus
344 738 437 802 hians
460 739 643 823 saniemque
666 757 789 822 premo.

100 845 175 904 Heu
196 842 309 905 vulnus
333 841 441 904 atrox!
463 863 527 926 quo
548 841 612 905 vite
633 840 704 916 tibi,

101 943 175 1037 Quo
197 959 305 1007 nostro
327 944 432 1007 omnis
455 943 560 1028 glorie
581 941 681 1004 ssuxit.
725 1000 728 1006 .

101 1045 210 1107 Altum
231 1045 296 1107 heu
317 1046 432 1109 vulnus
451 1046 648 1128 nimiumque
670 1042 800 1128 patens!

55 1148 85 1200 35
104 1146 233 1212 Oblitus
256 1169 328 1210 eras
350 1149 384 1209 in
406 1170 499 1232 quem
521 1148 650 1209 fureres

103 1250 186 1311 Dire
211 1250 349 1325 satelles,
372 1252 468 1334 pueri
490 1249 616 1335 quaudo

98 1355 220 1437 Impete
242 1367 328 1416 teuto
349 1354 418 1415 ruis
439 1353 475 1415 in
497 1354 650 1436 iugulum.

103 1456 261 1518 Formose
283 1477 374 1538 puer,
400 1471 513 1539 patere
535 1455 681 1517 intonsus

101 1559 167 1620 Per
190 1557 273 1620 oolla
293 1555 398 1621 iluens
419 1558 519 1621 lsctea
543 1556 655 1630 erinis,

54 1662 82 1715 l0
98 1661 171 1722 Non
195 1658 307 1724 doctus
331 1681 399 1735 acu,
423 1659 481 1723 sed
503 1660 577 1744 lege
600 1681 655 1722 suu

99 1765 202 1825 Notos
226 1783 297 1825 sese
322 1763 446 1845 erispet
465 1763 498 1823 in
520 1764 629 1826 orbes.

100 1864 168 1930 Ora
191 1879 358 1947 parentum
381 1863 515 1928 eonium
530 1864 629 1939 uotis,

98 1967 234 2028 Lumina
255 1965 390 2029 blandae
413 1966 523 2030 metris
546 1986 682 2041 umores,

98 2070 233 2131 Lumina
257 2070 362 2132 celsae
385 2068 505 2132 frontis
526 2068 697 2143 honorem,

54 2177 83 2234 ³5
101 2171 221 2235 Claude
244 2172 385 2234 aeternis
408 2170 520 2234 claude
540 2170 695 2234 tenebris.

100 2274 236 2337 Nireum
259 2274 364 2337 roseis
386 2274 483 2357 iunge
505 2271 631 2335 labellis

101 2379 241 2461 Propius
264 2377 404 2450 dentem,
428 2374 570 2439 strictius
593 2395 696 2458 aequo

103 2480 173 2546 Ora
195 2479 332 2543 tetendit
352 2479 482 2542 ultimus
503 2476 611 2540 ardor.

103 2581 217 2644 Tende
239 2581 297 2644 sub
320 2581 417 2644 imum
438 2580 571 2644 brachiu
593 2595 716 2664 peetus,

53 2692 85 2745 00
104 2686 304 2768 Sceptroque
327 2684 452 2746 habiles
474 2682 625 2768 belloque
646 2705 757 2746 munus

101 2786 154 2848 Ad
176 2786 347 2849 funebrem
370 2785 465 2848 ssecte
487 2786 657 2849 decussim.

101 2888 157 2952 sic
179 2887 393 2971 compositum
414 2886 636 2973 quodcumque
659 2887 705 2951 tui
726 2900 784 2964 est,

81 2991 194 3066 dosia,
218 2991 330 3074 ignoto
352 2989 454 3052 redde
478 2991 673 3074 sepulchr03

102 3094 246 3157 Patrium
268 3092 420 3175 Assyrius
442 3092 555 3176 diripit
576 3093 691 3156 hostis.

52 3206 87 3264 05
151 3196 216 3260 Sed
238 3198 285 3259 sic
308 3197 521 3281 compositum
542 3195 672 3260 condite
694 3194 797 3260 losiee

105 3299 202 3397 Quod
224 3299 358 3363 mortale
382 3301 459 3363 fuit:
480 3321 548 3364 uon
568 3297 731 3364 riolsbilis

100 3407 182 3466 Pars
204 3402 307 3466 nostri
329 3403 456 3478 melior,
480 3402 676 3486 vulneraque
697 3415 729 3463 et
749 3419 864 3464 necem

104 3505 298 3590 Tristesque
322 3504 457 3569 inferias
478 3504 611 3590 spiritus
634 3500 759 3586 effugit.

98 3607 324 3695 Nequidquam
344 3609 440 3675 solito
465 3609 609 3674 dormine
629 3604 789 3692 praefisus
876 3635 926 3689 ‘..
