2356 4282
100 404 144 476 84
479 409 689 474 ΜΔιΔηιτιι

168 578 282 641 Cassos
304 598 370 642 non
389 579 481 644 timet
502 581 659 665 impetus}

167 683 211 744 Ut
233 680 288 765 qui
309 683 398 766 rupis
420 683 453 744 in
475 683 574 746 arduo

167 786 282 847 Pastor
303 785 426 850 vortice
450 785 621 848 considens

99 898 150 951 240
167 889 314 948 Insanum
334 909 422 950 mare
444 886 589 970 despicit.

169 989 248 1051 Astu
269 988 402 1051 callidus
424 1004 456 1052 et
477 989 552 1052 dolo

168 1091 246 1155 Doli
266 1090 438 1175 prenditur
460 1091 593 1154 artifex:

167 1196 291 1257 Haeret
311 1193 484 1278 implicitus
507 1194 624 1278 pedem

168 1295 275 1378 Plagis
298 1315 374 1379 quas
396 1297 477 1356 male
499 1295 654 1358 tenderat.

101 1407 151 1462 245
231 1399 322 1457 Haec
343 1396 503 1481 quondam
526 1396 644 1459 cecinit
666 1414 757 1458 sacer

170 1498 266 1561 Vates
289 1496 347 1558 sub
371 1499 517 1579 Solymae
541 1497 625 1582 iugis

167 1598 284 1662 Nervis
306 1598 399 1662 dulce
421 1603 619 1686 loquacibus,

169 1701 290 1767 Verbis
311 1704 384 1766 lene
407 1706 608 1786 sonantibus3

171 1804 403 1890 subiectasque
426 1808 537 1871 Sionio

101 1909 152 1966 250
170 1908 278 1976 Valles
300 1907 440 1970 reddere
461 1910 577 1974 vertici

170 2009 283 2076 Vocati
304 2009 413 2072 docuit
433 2012 502 2092 lyra

169 2112 289 2176 lessaei
312 2134 411 2196 genus
433 2113 595 2196 inclytum.

234 2213 324 2278 Haec
346 2236 450 2299 nuper
471 2217 624 2279 ieremias

169 2319 268 2379 'Petro
290 2316 325 2378 in
346 2337 444 2401 specu
465 2317 607 2393 canebat,

102 2423 152 2476 255
170 2417 244 2511 Quo
265 2418 450 2502 principum
470 2419 692 2482 immerentem

170 2521 382 2582 Iietruserant
401 2519 549 2601 furores3

169 2618 279 2682 Medio
303 2641 321 2682 e
341 2622 412 2684 lacu
432 2623 591 2696 monebat,

170 2722 249 2785 Cum
271 2721 324 2784 vix
345 2737 457 2785 tenace
479 2723 566 2799 limo,

171 2825 249 2887 Cum
270 2822 326 2888 vix
348 2824 455 2886 olente
475 2845 577 2889 coeno

101 2933 153 2991 200
171 2928 253 2989 Toto
276 2925 435 2990 emineret
455 2948 529 2990 ore:

170 3029 232 3097 Vel
255 3028 301 3090 sic
322 3042 429 3090 tamen
450 3028 590 3092 rebelles

169 3133 358 3216 Regemque
380 3130 610 3217 principesque

169 3273 376 3289 m

238 3355 275 3410 V.
295 3359 354 3411 245.
373 3350 418 3409 cf.
438 3353 484 3408 Ps.
504 3357 546 3410 ³5.
566 3354 607 3409 36.
625 3357 668 3409 51.
689 3353 732 3408 58.
751 3351 792 3405 01.
811 3350 853 3403 03.
873 3350 906 3402 72
924 3355 978 3400 cet.

237 3461 272 3516 V.
291 3463 351 3514 252.
380 3456 474 3512 Genus
491 3454 515 3528 ¹i.
542 3472 570 3530 q.
590 3451 675 3508 filius.
711 3449 754 3508 Cf.
781 3449 862 3524 Virg.
884 3449 957 3505 Aen.
981 3450 1031 3517 lv,
1055 3450 1083 3503 42

171 3542 286 3608 1v,25.
