2356 4282
100 474 164 539 214
501 473 620 534 Gnorn

169 639 305 702 Pulchro
326 640 463 703 inventis
485 639 567 702 famu
588 643 722 701 'l‘eautue

102 754 152 805 220
169 739 333 834 Quicquid
352 742 484 824 pelagus
505 742 664 825 tellusque
687 739 807 815 vident,

169 841 333 937 Quicquid
356 842 438 905 caeli
460 841 589 904 mobilis
612 841 719 915 orbes,

169 946 211 1005 Et
231 943 286 1027 qui
309 947 424 1006 Totum
446 942 575 1025 colligat
597 962 662 1016 aer,

170 1044 334 1141 Quicquid
354 1044 429 1107 Toti
448 1065 506 1126 par
523 1063 613 1105 mens
634 1042 800 1106 hominum

127 1157 128 1161 ’
169 1145 330 1230 Reperire
352 1147 445 1218 valet,
473 1159 585 1228 quater
608 1144 641 1205 id
665 1143 750 1205 senis

102 1251 151 1304 225
170 1249 275 1313 Omne
296 1244 470 1330 legendum
491 1245 651 1328 praebere
675 1245 769 1308 notis.

171 1347 236 1410 Sed
258 1367 337 1431 gens
359 1345 481 1418 eadem,
504 1347 594 1430 quasi
616 1367 680 1409 non
701 1345 808 1409 morbi

171 1449 252 1512 Satis
274 1463 367 1532 etque
388 1446 479 1509 feree
501 1461 654 1530 raperent
675 1447 839 1510 homiuem

171 1551 299 1647 Quique
323 1548 451 1612 obsedit
472 1549 553 1610 latro
575 1548 712 1611 Niliacas

169 1650 360 1715 Crocodilus
381 1671 487 1733 aquus,
511 1670 612 1733 genus
634 1649 786 1711 addentes

101 1762 151 1814 230
169 1750 221 1812 Ad
241 1750 304 1813 fata
325 1772 452 1828 novum,
477 1767 544 1815 rote
567 1767 746 1833 coeperunt

170 1851 292 1935 Fragili
313 1851 429 1914 fluctus
450 1853 574 1915 sulcare
598 1854 695 1915 maris

169 1957 238 2017 Nee
260 1954 469 2037 conspicuum
489 1953 630 2016 reddere
652 1954 749 2028 littus,

171 2053 236 2116 Sed
257 2076 318 2138 qua
337 2054 479 2117 medium
502 2055 635 2140 pelagus
658 2071 763 2120 terras

168 2153 305 2241 Effugit,
326 2156 462 2218 Austros
484 2159 663 2241 Ursamque
688 2159 795 2242 sequi:

101 2275 150 2327 235
168 2261 240 2322 Non
261 2272 296 2321 ut
315 2258 445 2341 populis
467 2273 601 2340 possent
620 2258 716 2343 longe

170 2362 273 2422 Ferre
296 2361 430 2422 remotis
452 2380 533 2446 quae
557 2374 688 2421 naturae

169 2465 273 2524 Pauca
292 2460 432 2544 petentis
454 2461 593 2543 postulat
614 2482 699 2535 usus,

171 2561 237 2625 Sed
257 2575 292 2623 ut
312 2582 492 2645 aequoreos
514 2562 611 2623 tincta
633 2581 766 2624 cruores

169 2666 323 2728 Humeris
345 2687 459 2747 regum
480 2665 550 2727 lana
571 2665 700 2738 niteret,

101 2779 152 2832 240
168 2769 212 2829 Ut
232 2767 429 2851 gramineum
451 2765 535 2828 dites
556 2787 673 2828 ornans

171 2869 300 2953 Digitos
322 2882 466 2930 vomeret
489 2887 613 2950 gemma
633 2866 786 2930 virorem.

168 2971 260 3034 Facit
281 2970 360 3030 haec
382 2968 451 3030 auri
474 2970 631 3031 malesana
654 2968 733 3031 sitis.

168 3077 268 3148 Haec,
293 3092 373 3156 quae
395 3069 506 3133 docuit
527 3091 685 3153 spernere
707 3069 786 3132 caeli

167 3173 327 3259 Pontique
350 3171 461 3241 minas,
482 3173 635 3255 tenuique
657 3171 789 3233 animam

101 3288 150 3340 245
169 3277 312 3340 Credere
335 3276 434 3359 ligno,
461 3273 530 3337 dira
552 3274 681 3359 cupido,

240 3513 273 3565 V.
291 3519 351 3572 219.
378 3514 500 3570 Teautes
517 3513 652 3569 inventor
672 3530 732 3569 esse
744 3513 897 3568 literarum
916 3508 1016 3565 fertur
1027 3508 1065 3563 Su:

171 3594 359 3652 chuniuthone
377 3614 410 3653 uc
427 3598 524 3654 Plinio
541 3596 670 3654 testibus.
