<?xml version="1.0" encoding="UTF-8"?>
<!DOCTYPE html PUBLIC "-//W3C//DTD XHTML 1.0 Transitional//EN"
    "http://www.w3.org/TR/xhtml1/DTD/xhtml1-transitional.dtd">
<html xmlns="http://www.w3.org/1999/xhtml" xml:lang="en" lang="en">
 <head>
  <title>
</title>
<meta http-equiv="Content-Type" content="text/html;charset=utf-8" />
  <meta name='ocr-system' content='tesseract 3.04.00' />
  <meta name='ocr-capabilities' content='ocr_page ocr_carea ocr_par ocr_line ocrx_word'/>
</head>
<body>
  <div class='ocr_page' id='page_1' title='image "./tragoediaeselec00malagoog_0129.png"; bbox 0 0 2356 4282; ppageno 0'>
   <div class='ocr_carea' id='block_1_1' title="bbox 119 451 686 520">
    <p class='ocr_par' dir='ltr' id='par_1_1' title="bbox 119 451 686 520">
     <span class='ocr_line' id='line_1_1' title="bbox 119 451 686 520; baseline -0.014 0"><span class='ocrx_word' id='word_1_1' title='bbox 119 451 182 520; x_wconf 79' lang='lat'><strong>120</strong></span> <span class='ocrx_word' id='word_1_2' title='bbox 473 455 686 516; x_wconf 76' lang='lat' dir='ltr'><strong>Manaruurn</strong></span> 
     </span>
    </p>
   </div>
   <div class='ocr_carea' id='block_1_2' title="bbox 118 617 1084 3670">
    <p class='ocr_par' dir='ltr' id='par_1_2' title="bbox 118 617 1084 3670">
     <span class='ocr_line' id='line_1_2' title="bbox 191 617 924 705; baseline 0.004 -23"><span class='ocrx_word' id='word_1_3' title='bbox 191 620 337 704; x_wconf 88' lang='lat' dir='ltr'><strong>Vicitque</strong></span> <span class='ocrx_word' id='word_1_4' title='bbox 358 617 470 703; x_wconf 88' lang='lat' dir='ltr'><strong>pietas,</strong></span> <span class='ocrx_word' id='word_1_5' title='bbox 492 635 524 685; x_wconf 90' lang='lat' dir='ltr'><strong>et</strong></span> <span class='ocrx_word' id='word_1_6' title='bbox 545 643 628 685; x_wconf 85' lang='lat' dir='ltr'><strong>noro</strong></span> <span class='ocrx_word' id='word_1_7' title='bbox 649 635 791 685; x_wconf 84' lang='lat' dir='ltr'><strong>monstro</strong></span> <span class='ocrx_word' id='word_1_8' title='bbox 812 631 924 705; x_wconf 81' lang='lat' dir='ltr'><strong>stupet</strong></span> 
     </span>
     <span class='ocr_line' id='line_1_3' title="bbox 186 721 940 807; baseline 0.001 -22"><span class='ocrx_word' id='word_1_9' title='bbox 186 727 344 786; x_wconf 88' lang='lat' dir='ltr'><strong>Mucrone</strong></span> <span class='ocrx_word' id='word_1_10' title='bbox 366 724 477 787; x_wconf 87' lang='lat' dir='ltr'><strong>stricto</strong></span> <span class='ocrx_word' id='word_1_11' title='bbox 498 724 593 786; x_wconf 84' lang='lat' dir='ltr'>lictor</span> <span class='ocrx_word' id='word_1_12' title='bbox 613 721 654 786; x_wconf 91' lang='lat' dir='ltr'><strong>ad</strong></span> <span class='ocrx_word' id='word_1_13' title='bbox 674 723 804 786; x_wconf 89' lang='lat' dir='ltr'><strong>caedem</strong></span> <span class='ocrx_word' id='word_1_14' title='bbox 826 725 940 807; x_wconf 65' lang='lat' dir='ltr'><strong>pigere</strong></span> 
     </span>
     <span class='ocr_line' id='line_1_4' title="bbox 187 823 1026 909; baseline 0.001 -22"><span class='ocrx_word' id='word_1_15' title='bbox 187 828 254 887; x_wconf 89' lang='lat' dir='ltr'><strong>Nec</strong></span> <span class='ocrx_word' id='word_1_16' title='bbox 277 823 411 886; x_wconf 83' lang='lat' dir='ltr'><strong>blandus</strong></span> <span class='ocrx_word' id='word_1_17' title='bbox 432 825 546 902; x_wconf 86' lang='lat' dir='ltr'><strong>infans,</strong></span> <span class='ocrx_word' id='word_1_18' title='bbox 573 846 633 888; x_wconf 91' lang='lat' dir='ltr'><strong>nec</strong></span> <span class='ocrx_word' id='word_1_19' title='bbox 655 826 760 888; x_wconf 86' lang='lat' dir='ltr'><strong>ferum</strong></span> <span class='ocrx_word' id='word_1_20' title='bbox 781 840 894 909; x_wconf 83' lang='lat' dir='ltr'><strong>pectus</strong></span> <span class='ocrx_word' id='word_1_21' title='bbox 915 836 1026 888; x_wconf 84' lang='lat' dir='ltr'><strong>moret</strong></span> 
     </span>
     <span class='ocr_line' id='line_1_5' title="bbox 187 927 967 1011; baseline 0 -23"><span class='ocrx_word' id='word_1_22' title='bbox 187 928 298 990; x_wconf 91' lang='lat' dir='ltr'><strong>Lictor</strong></span> <span class='ocrx_word' id='word_1_23' title='bbox 318 941 487 1011; x_wconf 84' lang='lat' dir='ltr'><strong>patronus:</strong></span> <span class='ocrx_word' id='word_1_24' title='bbox 509 927 662 1011; x_wconf 85' lang='lat' dir='ltr'><strong>precibus</strong></span> <span class='ocrx_word' id='word_1_25' title='bbox 684 929 840 991; x_wconf 77' lang='lat' dir='ltr'><strong>accrescit</strong></span> <span class='ocrx_word' id='word_1_26' title='bbox 861 927 967 990; x_wconf 90' lang='lat' dir='ltr'><strong>furor.</strong></span> 
     </span>
     <span class='ocr_line' id='line_1_6' title="bbox 119 1029 932 1112; baseline -0.006 -16"><span class='ocrx_word' id='word_1_27' title='bbox 119 1042 169 1096; x_wconf 84' lang='lat'><strong>180</strong></span> <span class='ocrx_word' id='word_1_28' title='bbox 187 1032 229 1091; x_wconf 91' lang='lat' dir='ltr'><strong>Ut</strong></span> <span class='ocrx_word' id='word_1_29' title='bbox 249 1051 321 1092; x_wconf 88' lang='lat' dir='ltr'><strong>cum</strong></span> <span class='ocrx_word' id='word_1_30' title='bbox 342 1030 496 1091; x_wconf 79' lang='lat' dir='ltr'>medullas</span> <span class='ocrx_word' id='word_1_31' title='bbox 517 1029 623 1093; x_wconf 83' lang='lat' dir='ltr'>hausit</span> <span class='ocrx_word' id='word_1_32' title='bbox 644 1045 676 1093; x_wconf 90' lang='lat' dir='ltr'><strong>et</strong></span> <span class='ocrx_word' id='word_1_33' title='bbox 698 1050 815 1112; x_wconf 85' lang='lat' dir='ltr'><strong>corpus</strong></span> <span class='ocrx_word' id='word_1_34' title='bbox 840 1050 932 1092; x_wconf 87' lang='lat' dir='ltr'><strong>sacer</strong></span> 
     </span>
     <span class='ocr_line' id='line_1_7' title="bbox 184 1131 854 1217; baseline 0.004 -25"><span class='ocrx_word' id='word_1_35' title='bbox 184 1134 344 1217; x_wconf 89' lang='lat' dir='ltr'><strong>Depastus</strong></span> <span class='ocrx_word' id='word_1_36' title='bbox 367 1132 465 1194; x_wconf 90' lang='lat' dir='ltr'><strong>ardor</strong></span> <span class='ocrx_word' id='word_1_37' title='bbox 487 1132 612 1194; x_wconf 85' lang='lat' dir='ltr'><strong>ossibus</strong></span> <span class='ocrx_word' id='word_1_38' title='bbox 635 1133 742 1196; x_wconf 83' lang='lat' dir='ltr'><strong>vacuis</strong></span> <span class='ocrx_word' id='word_1_39' title='bbox 766 1131 854 1209; x_wconf 86' lang='lat' dir='ltr'><strong>furit,</strong></span> 
     </span>
     <span class='ocr_line' id='line_1_8' title="bbox 185 1234 991 1315; baseline -0.001 -20"><span class='ocrx_word' id='word_1_40' title='bbox 185 1238 249 1297; x_wconf 91' lang='lat' dir='ltr'><strong>lam</strong></span> <span class='ocrx_word' id='word_1_41' title='bbox 270 1234 387 1297; x_wconf 89' lang='lat' dir='ltr'><strong>medici</strong></span> <span class='ocrx_word' id='word_1_42' title='bbox 410 1248 442 1295; x_wconf 89' lang='lat' dir='ltr'><strong>et</strong></span> <span class='ocrx_word' id='word_1_43' title='bbox 464 1235 567 1296; x_wconf 84' lang='lat' dir='ltr'><strong>omnis</strong></span> <span class='ocrx_word' id='word_1_44' title='bbox 588 1247 712 1315; x_wconf 79' lang='lat' dir='ltr'><strong>asperat</strong></span> <span class='ocrx_word' id='word_1_45' title='bbox 732 1249 832 1297; x_wconf 85' lang='lat' dir='ltr'><strong>tactus</strong></span> <span class='ocrx_word' id='word_1_46' title='bbox 846 1234 991 1314; x_wconf 59' lang='lat' dir='ltr'><strong>‘malum3</strong></span> 
     </span>
     <span class='ocr_line' id='line_1_9' title="bbox 185 1334 840 1398; baseline 0 -1"><span class='ocrx_word' id='word_1_47' title='bbox 185 1339 272 1398; x_wconf 89' lang='lat' dir='ltr'><strong>Intus</strong></span> <span class='ocrx_word' id='word_1_48' title='bbox 294 1336 433 1398; x_wconf 83' lang='lat' dir='ltr'>revulsis</span> <span class='ocrx_word' id='word_1_49' title='bbox 454 1335 611 1397; x_wconf 88' lang='lat' dir='ltr'><strong>torridum</strong></span> <span class='ocrx_word' id='word_1_50' title='bbox 634 1334 727 1397; x_wconf 85' lang='lat' dir='ltr'><strong>libris</strong></span> <span class='ocrx_word' id='word_1_51' title='bbox 749 1336 840 1397; x_wconf 88' lang='lat' dir='ltr'><strong>iecur</strong></span> 
     </span>
     <span class='ocr_line' id='line_1_10' title="bbox 185 1437 980 1536; baseline -0.003 -36"><span class='ocrx_word' id='word_1_52' title='bbox 185 1439 272 1536; x_wconf 82' lang='lat' dir='ltr'><strong>Quas</strong></span> <span class='ocrx_word' id='word_1_53' title='bbox 294 1437 414 1500; x_wconf 89' lang='lat' dir='ltr'><strong>biberit</strong></span> <span class='ocrx_word' id='word_1_54' title='bbox 436 1438 546 1513; x_wconf 83' lang='lat' dir='ltr'><strong>undas,</strong></span> <span class='ocrx_word' id='word_1_55' title='bbox 572 1438 637 1499; x_wconf 91' lang='lat' dir='ltr'><strong>urit</strong></span> <span class='ocrx_word' id='word_1_56' title='bbox 658 1451 690 1499; x_wconf 91' lang='lat' dir='ltr'><strong>et</strong></span> <span class='ocrx_word' id='word_1_57' title='bbox 711 1437 819 1521; x_wconf 88' lang='lat' dir='ltr'><strong>gelido</strong></span> <span class='ocrx_word' id='word_1_58' title='bbox 842 1437 980 1521; x_wconf 79' lang='lat' dir='ltr'><strong>amplius</strong></span> 
     </span>
     <span class='ocr_line' id='line_1_11' title="bbox 118 1539 895 1623; baseline 0 -23"><span class='ocrx_word' id='word_1_59' title='bbox 118 1558 170 1611; x_wconf 71' lang='lat'><strong>185</strong></span> <span class='ocrx_word' id='word_1_60' title='bbox 189 1542 217 1600; x_wconf 79' lang='lat' dir='ltr'><strong>A</strong></span> <span class='ocrx_word' id='word_1_61' title='bbox 238 1541 331 1602; x_wconf 87' lang='lat' dir='ltr'><strong>latice</strong></span> <span class='ocrx_word' id='word_1_62' title='bbox 356 1541 443 1602; x_wconf 87' lang='lat' dir='ltr'><strong>vires</strong></span> <span class='ocrx_word' id='word_1_63' title='bbox 466 1540 594 1623; x_wconf 88' lang='lat' dir='ltr'><strong>Stygius</strong></span> <span class='ocrx_word' id='word_1_64' title='bbox 616 1539 763 1603; x_wconf 80' lang='lat' dir='ltr'><strong>accendit</strong></span> <span class='ocrx_word' id='word_1_65' title='bbox 784 1561 895 1623; x_wconf 80' lang='lat' dir='ltr'><strong>vapor.</strong></span> 
     </span>
     <span class='ocr_line' id='line_1_12' title="bbox 187 1641 845 1724; baseline -0.003 -20"><span class='ocrx_word' id='word_1_66' title='bbox 187 1641 242 1704; x_wconf 87' lang='lat' dir='ltr'><strong>Sic</strong></span> <span class='ocrx_word' id='word_1_67' title='bbox 263 1642 335 1703; x_wconf 89' lang='lat' dir='ltr'><strong>dira</strong></span> <span class='ocrx_word' id='word_1_68' title='bbox 357 1642 476 1716; x_wconf 85' lang='lat' dir='ltr'><strong>rabies,</strong></span> <span class='ocrx_word' id='word_1_69' title='bbox 500 1642 606 1724; x_wconf 87' lang='lat' dir='ltr'><strong>impia,</strong></span> <span class='ocrx_word' id='word_1_70' title='bbox 633 1641 845 1703; x_wconf 87' lang='lat' dir='ltr'><strong>intractabilis</strong></span> 
     </span>
     <span class='ocr_line' id='line_1_13' title="bbox 186 1743 885 1828; baseline -0.001 -21"><span class='ocrx_word' id='word_1_71' title='bbox 186 1746 287 1828; x_wconf 89' lang='lat' dir='ltr'><strong>Regis</strong></span> <span class='ocrx_word' id='word_1_72' title='bbox 310 1744 435 1806; x_wconf 82' lang='lat' dir='ltr'><strong>cruenti</strong></span> <span class='ocrx_word' id='word_1_73' title='bbox 459 1745 569 1819; x_wconf 82' lang='lat' dir='ltr'><strong>saevit,</strong></span> <span class='ocrx_word' id='word_1_74' title='bbox 593 1758 625 1806; x_wconf 88' lang='lat' dir='ltr'><strong>et</strong></span> <span class='ocrx_word' id='word_1_75' title='bbox 643 1759 756 1827; x_wconf 87' lang='lat' dir='ltr'><strong>pectus</strong></span> <span class='ocrx_word' id='word_1_76' title='bbox 778 1743 885 1806; x_wconf 86' lang='lat' dir='ltr'><strong>ferum</strong></span> 
     </span>
     <span class='ocr_line' id='line_1_14' title="bbox 186 1846 969 1930; baseline 0.001 -22"><span class='ocrx_word' id='word_1_77' title='bbox 186 1847 289 1908; x_wconf 88' lang='lat' dir='ltr'><strong>Ardet</strong></span> <span class='ocrx_word' id='word_1_78' title='bbox 310 1846 412 1930; x_wconf 86' lang='lat' dir='ltr'><strong>magis</strong></span> <span class='ocrx_word' id='word_1_79' title='bbox 434 1847 597 1930; x_wconf 79' lang='lat' dir='ltr'><strong>magisque</strong></span> <span class='ocrx_word' id='word_1_80' title='bbox 619 1846 777 1908; x_wconf 80' lang='lat' dir='ltr'><strong>furiarum</strong></span> <span class='ocrx_word' id='word_1_81' title='bbox 798 1847 969 1930; x_wconf 85' lang='lat' dir='ltr'><strong>impotens.</strong></span> 
     </span>
     <span class='ocr_line' id='line_1_15' title="bbox 185 1946 873 2022; baseline -0.001 -12"><span class='ocrx_word' id='word_1_82' title='bbox 185 1950 230 2011; x_wconf 83' lang='lat' dir='ltr'><strong>At</strong></span> <span class='ocrx_word' id='word_1_83' title='bbox 251 1949 311 2010; x_wconf 91' lang='lat' dir='ltr'><strong>tibi</strong></span> <span class='ocrx_word' id='word_1_84' title='bbox 331 1949 492 2012; x_wconf 81' lang='lat' dir='ltr'><strong>necandos</strong></span> <span class='ocrx_word' id='word_1_85' title='bbox 514 1950 609 2011; x_wconf 83' lang='lat' dir='ltr'><strong>lictor</strong></span> <span class='ocrx_word' id='word_1_86' title='bbox 630 1947 771 2009; x_wconf 87' lang='lat' dir='ltr'><strong>imbellis</strong></span> <span class='ocrx_word' id='word_1_87' title='bbox 792 1946 873 2022; x_wconf 84' lang='lat' dir='ltr'><strong>tuos,</strong></span> 
     </span>
     <span class='ocr_line' id='line_1_16' title="bbox 119 2049 896 2134; baseline -0.004 -21"><span class='ocrx_word' id='word_1_88' title='bbox 119 2068 170 2120; x_wconf 80' lang='lat'><strong>190</strong></span> <span class='ocrx_word' id='word_1_89' title='bbox 189 2052 224 2113; x_wconf 89' lang='lat' dir='ltr'><strong>Si</strong></span> <span class='ocrx_word' id='word_1_90' title='bbox 245 2051 356 2112; x_wconf 88' lang='lat' dir='ltr'><strong>renuis</strong></span> <span class='ocrx_word' id='word_1_91' title='bbox 377 2052 483 2125; x_wconf 88' lang='lat' dir='ltr'><strong>istum,</strong></span> <span class='ocrx_word' id='word_1_92' title='bbox 507 2051 640 2123; x_wconf 85' lang='lat' dir='ltr'><strong>liberos,</strong></span> <span class='ocrx_word' id='word_1_93' title='bbox 662 2051 775 2134; x_wconf 86' lang='lat' dir='ltr'><strong>inquit,</strong></span> <span class='ocrx_word' id='word_1_94' title='bbox 803 2049 896 2113; x_wconf 86' lang='lat' dir='ltr'><strong>dabo.</strong></span> 
     </span>
     <span class='ocr_line' id='line_1_17' title="bbox 187 2151 874 2217; baseline -0.009 0"><span class='ocrx_word' id='word_1_95' title='bbox 187 2153 250 2217; x_wconf 83' lang='lat' dir='ltr'><strong>Vix</strong></span> <span class='ocrx_word' id='word_1_96' title='bbox 272 2152 345 2214; x_wconf 87' lang='lat' dir='ltr'><strong>dum</strong></span> <span class='ocrx_word' id='word_1_97' title='bbox 367 2165 475 2215; x_wconf 87' lang='lat' dir='ltr'><strong>coacta</strong></span> <span class='ocrx_word' id='word_1_98' title='bbox 497 2151 642 2214; x_wconf 81' lang='lat' dir='ltr'><strong>carnifex</strong></span> <span class='ocrx_word' id='word_1_99' title='bbox 663 2165 759 2213; x_wconf 85' lang='lat' dir='ltr'><strong>totam</strong></span> <span class='ocrx_word' id='word_1_100' title='bbox 779 2173 874 2212; x_wconf 90' lang='lat' dir='ltr'><strong>manu</strong></span> 
     </span>
     <span class='ocr_line' id='line_1_18' title="bbox 186 2251 846 2336; baseline -0.008 -18"><span class='ocrx_word' id='word_1_101' title='bbox 186 2262 323 2318; x_wconf 88' lang='lat' dir='ltr'><strong>Mortem</strong></span> <span class='ocrx_word' id='word_1_102' title='bbox 345 2255 463 2317; x_wconf 87' lang='lat' dir='ltr'><strong>tenello</strong></span> <span class='ocrx_word' id='word_1_103' title='bbox 484 2254 612 2336; x_wconf 88' lang='lat' dir='ltr'><strong>pectori</strong></span> <span class='ocrx_word' id='word_1_104' title='bbox 633 2251 738 2336; x_wconf 86' lang='lat' dir='ltr'><strong>infigit</strong></span> <span class='ocrx_word' id='word_1_105' title='bbox 760 2253 846 2325; x_wconf 85' lang='lat' dir='ltr'><strong>satis,</strong></span> 
     </span>
     <span class='ocr_line' id='line_1_19' title="bbox 187 2352 1045 2441; baseline -0.007 -21"><span class='ocrx_word' id='word_1_106' title='bbox 187 2359 386 2441; x_wconf 90' lang='lat' dir='ltr'><strong>Facinusque</strong></span> <span class='ocrx_word' id='word_1_107' title='bbox 410 2371 442 2418; x_wconf 88' lang='lat' dir='ltr'><strong>et</strong></span> <span class='ocrx_word' id='word_1_108' title='bbox 463 2358 567 2440; x_wconf 89' lang='lat' dir='ltr'><strong>ipsum</strong></span> <span class='ocrx_word' id='word_1_109' title='bbox 591 2377 664 2417; x_wconf 91' lang='lat' dir='ltr'><strong>cum</strong></span> <span class='ocrx_word' id='word_1_110' title='bbox 686 2354 772 2429; x_wconf 83' lang='lat' dir='ltr'><strong>lacit,</strong></span> <span class='ocrx_word' id='word_1_111' title='bbox 794 2353 920 2416; x_wconf 88' lang='lat' dir='ltr'><strong>damnat</strong></span> <span class='ocrx_word' id='word_1_112' title='bbox 941 2352 1045 2416; x_wconf 80' lang='lat' dir='ltr'><strong>nefas.</strong></span> 
     </span>
     <span class='ocr_line' id='line_1_20' title="bbox 187 2457 920 2541; baseline -0.004 -19"><span class='ocrx_word' id='word_1_113' title='bbox 187 2462 247 2522; x_wconf 81' lang='lat' dir='ltr'><strong>Ast</strong></span> <span class='ocrx_word' id='word_1_114' title='bbox 268 2461 324 2521; x_wconf 91' lang='lat' dir='ltr'><strong>ubi</strong></span> <span class='ocrx_word' id='word_1_115' title='bbox 347 2474 481 2521; x_wconf 88' lang='lat' dir='ltr'><strong>cruento</strong></span> <span class='ocrx_word' id='word_1_116' title='bbox 502 2474 569 2522; x_wconf 87' lang='lat' dir='ltr'><strong>tres</strong></span> <span class='ocrx_word' id='word_1_117' title='bbox 592 2457 681 2521; x_wconf 83' lang='lat' dir='ltr'><strong>videt</strong></span> <span class='ocrx_word' id='word_1_118' title='bbox 701 2479 830 2541; x_wconf 82' lang='lat' dir='ltr'><strong>sparsos</strong></span> <span class='ocrx_word' id='word_1_119' title='bbox 851 2459 920 2519; x_wconf 90' lang='lat' dir='ltr'><strong>solo</strong></span> 
     </span>
     <span class='ocr_line' id='line_1_21' title="bbox 120 2560 915 2645; baseline -0.003 -20"><span class='ocrx_word' id='word_1_120' title='bbox 120 2582 168 2635; x_wconf 81' lang='lat'><strong>195</strong></span> <span class='ocrx_word' id='word_1_121' title='bbox 189 2566 346 2626; x_wconf 88' lang='lat' dir='ltr'><strong>Cruentus</strong></span> <span class='ocrx_word' id='word_1_122' title='bbox 369 2563 449 2645; x_wconf 87' lang='lat' dir='ltr'><strong>ipse,</strong></span> <span class='ocrx_word' id='word_1_123' title='bbox 474 2580 535 2623; x_wconf 87' lang='lat' dir='ltr'><strong>nec</strong></span> <span class='ocrx_word' id='word_1_124' title='bbox 557 2582 657 2623; x_wconf 83' lang='lat' dir='ltr'><strong>noras</strong></span> <span class='ocrx_word' id='word_1_125' title='bbox 680 2575 801 2623; x_wconf 89' lang='lat' dir='ltr'><strong>mortes</strong></span> <span class='ocrx_word' id='word_1_126' title='bbox 824 2560 915 2623; x_wconf 84' lang='lat' dir='ltr'><strong>timet</strong></span> 
     </span>
     <span class='ocr_line' id='line_1_22' title="bbox 187 2662 975 2748; baseline -0.004 -21"><span class='ocrx_word' id='word_1_127' title='bbox 187 2671 250 2728; x_wconf 82' lang='lat' dir='ltr'><strong>lam</strong></span> <span class='ocrx_word' id='word_1_128' title='bbox 274 2664 402 2748; x_wconf 88' lang='lat' dir='ltr'><strong>genitor</strong></span> <span class='ocrx_word' id='word_1_129' title='bbox 425 2664 523 2726; x_wconf 86' lang='lat' dir='ltr'><strong>orbus</strong></span> <span class='ocrx_word' id='word_1_130' title='bbox 532 2685 542 2741; x_wconf 91' lang='lat'>;</span> <span class='ocrx_word' id='word_1_131' title='bbox 566 2677 678 2746; x_wconf 90' lang='lat' dir='ltr'><strong>pectus</strong></span> <span class='ocrx_word' id='word_1_132' title='bbox 703 2684 892 2746; x_wconf 86' lang='lat' dir='ltr'><strong>oppressum</strong></span> <span class='ocrx_word' id='word_1_133' title='bbox 917 2662 975 2724; x_wconf 87' lang='lat' dir='ltr'><strong>diu</strong></span> 
     </span>
     <span class='ocr_line' id='line_1_23' title="bbox 188 2765 957 2850; baseline -0.007 -19"><span class='ocrx_word' id='word_1_134' title='bbox 188 2768 366 2850; x_wconf 77' lang='lat' dir='ltr'><strong>Furiaeque</strong></span> <span class='ocrx_word' id='word_1_135' title='bbox 389 2780 421 2827; x_wconf 93' lang='lat' dir='ltr'><strong>et</strong></span> <span class='ocrx_word' id='word_1_136' title='bbox 443 2788 553 2828; x_wconf 88' lang='lat' dir='ltr'><strong>omnes</strong></span> <span class='ocrx_word' id='word_1_137' title='bbox 575 2768 655 2829; x_wconf 85' lang='lat' dir='ltr'><strong>laxat</strong></span> <span class='ocrx_word' id='word_1_138' title='bbox 676 2767 796 2828; x_wconf 86' lang='lat' dir='ltr'><strong>irarum</strong></span> <span class='ocrx_word' id='word_1_139' title='bbox 821 2765 957 2848; x_wconf 81' lang='lat' dir='ltr'><strong>impetus</strong></span> 
     </span>
     <span class='ocr_line' id='line_1_24' title="bbox 186 2868 985 2952; baseline 0.001 -22"><span class='ocrx_word' id='word_1_140' title='bbox 186 2870 316 2931; x_wconf 87' lang='lat' dir='ltr'><strong>Dudum</strong></span> <span class='ocrx_word' id='word_1_141' title='bbox 336 2884 479 2952; x_wconf 87' lang='lat' dir='ltr'><strong>paratos:</strong></span> <span class='ocrx_word' id='word_1_142' title='bbox 503 2869 606 2934; x_wconf 81' lang='lat' dir='ltr'><strong>vincla</strong></span> <span class='ocrx_word' id='word_1_143' title='bbox 628 2868 842 2952; x_wconf 82' lang='lat' dir='ltr'><strong>nequidquam</strong></span> <span class='ocrx_word' id='word_1_144' title='bbox 865 2869 985 2931; x_wconf 84' lang='lat' dir='ltr'><strong>excutit</strong></span> 
     </span>
     <span class='ocr_line' id='line_1_25' title="bbox 188 2970 968 3055; baseline -0.004 -22"><span class='ocrx_word' id='word_1_145' title='bbox 188 2975 362 3054; x_wconf 88' lang='lat' dir='ltr'><strong>Arctatquc</strong></span> <span class='ocrx_word' id='word_1_146' title='bbox 384 2986 491 3048; x_wconf 79' lang='lat' dir='ltr'><strong>motu3</strong></span> <span class='ocrx_word' id='word_1_147' title='bbox 512 2971 663 3055; x_wconf 88' lang='lat' dir='ltr'><strong>ringitur,</strong></span> <span class='ocrx_word' id='word_1_148' title='bbox 685 2970 824 3046; x_wconf 84' lang='lat' dir='ltr'><strong>frendet,</strong></span> <span class='ocrx_word' id='word_1_149' title='bbox 849 2970 968 3046; x_wconf 81' lang='lat' dir='ltr'><strong>fremit,</strong></span> 
     </span>
     <span class='ocr_line' id='line_1_26' title="bbox 119 3071 1084 3157; baseline 0.003 -26"><span class='ocrx_word' id='word_1_150' title='bbox 119 3080 171 3132; x_wconf 83' lang='lat' dir='ltr'><strong>tot</strong></span> <span class='ocrx_word' id='word_1_151' title='bbox 189 3073 376 3157; x_wconf 88' lang='lat' dir='ltr'><strong>Opprobria</strong></span> <span class='ocrx_word' id='word_1_152' title='bbox 398 3072 479 3134; x_wconf 89' lang='lat' dir='ltr'><strong>diris</strong></span> <span class='ocrx_word' id='word_1_153' title='bbox 500 3075 624 3147; x_wconf 87' lang='lat' dir='ltr'><strong>miscet,</strong></span> <span class='ocrx_word' id='word_1_154' title='bbox 647 3088 680 3136; x_wconf 88' lang='lat' dir='ltr'><strong>ct</strong></span> <span class='ocrx_word' id='word_1_155' title='bbox 703 3071 860 3157; x_wconf 92' lang='lat' dir='ltr'><strong>quidquid</strong></span> <span class='ocrx_word' id='word_1_156' title='bbox 881 3072 991 3134; x_wconf 85' lang='lat' dir='ltr'><strong>ferum</strong></span> <span class='ocrx_word' id='word_1_157' title='bbox 1081 3078 1084 3085; x_wconf 86' lang='lat'>&#39;</span> 
     </span>
     <span class='ocr_line' id='line_1_27' title="bbox 188 3173 942 3260; baseline -0.004 -21"><span class='ocrx_word' id='word_1_158' title='bbox 188 3173 321 3238; x_wconf 85' lang='lat' dir='ltr'><strong>Insanus</strong></span> <span class='ocrx_word' id='word_1_159' title='bbox 340 3177 445 3237; x_wconf 90' lang='lat' dir='ltr'><strong>animo</strong></span> <span class='ocrx_word' id='word_1_160' title='bbox 469 3177 613 3260; x_wconf 82' lang='lat' dir='ltr'><strong>suggerit</strong></span> <span class='ocrx_word' id='word_1_161' title='bbox 634 3191 816 3260; x_wconf 88' lang='lat' dir='ltr'><strong>promptum</strong></span> <span class='ocrx_word' id='word_1_162' title='bbox 839 3174 942 3238; x_wconf 92' lang='lat' dir='ltr'><strong>dolor.</strong></span> 
     </span>
     <span class='ocr_line' id='line_1_28' title="bbox 188 3277 905 3359; baseline -0.006 -18"><span class='ocrx_word' id='word_1_163' title='bbox 188 3284 307 3343; x_wconf 86' lang='lat' dir='ltr'><strong>Hostes</strong></span> <span class='ocrx_word' id='word_1_164' title='bbox 330 3279 468 3353; x_wconf 86' lang='lat' dir='ltr'><strong>lacessit,</strong></span> <span class='ocrx_word' id='word_1_165' title='bbox 492 3277 570 3353; x_wconf 74' lang='lat' dir='ltr'><strong>lata,</strong></span> <span class='ocrx_word' id='word_1_166' title='bbox 592 3297 655 3340; x_wconf 91' lang='lat' dir='ltr'><strong>nec</strong></span> <span class='ocrx_word' id='word_1_167' title='bbox 674 3278 765 3339; x_wconf 86' lang='lat' dir='ltr'><strong>caelo</strong></span> <span class='ocrx_word' id='word_1_168' title='bbox 786 3277 905 3359; x_wconf 85' lang='lat' dir='ltr'><strong>impius</strong></span> 
     </span>
     <span class='ocr_line' id='line_1_29' title="bbox 190 3380 951 3464; baseline -0.003 -20"><span class='ocrx_word' id='word_1_169' title='bbox 190 3382 364 3464; x_wconf 84' lang='lat' dir='ltr'><strong>Superisve</strong></span> <span class='ocrx_word' id='word_1_170' title='bbox 385 3381 506 3463; x_wconf 82' lang='lat' dir='ltr'><strong>parcit:</strong></span> <span class='ocrx_word' id='word_1_171' title='bbox 531 3382 619 3441; x_wconf 88' lang='lat' dir='ltr'><strong>mille</strong></span> <span class='ocrx_word' id='word_1_172' title='bbox 640 3380 728 3442; x_wconf 85' lang='lat' dir='ltr'><strong>nunc</strong></span> <span class='ocrx_word' id='word_1_173' title='bbox 744 3380 835 3463; x_wconf 85' lang='lat' dir='ltr'><strong>ignes</strong></span> <span class='ocrx_word' id='word_1_174' title='bbox 857 3393 951 3442; x_wconf 85' lang='lat' dir='ltr'><strong>vocat</strong></span> 
     </span>
     <span class='ocr_line' id='line_1_30' title="bbox 188 3479 961 3565; baseline -0.003 -21"><span class='ocrx_word' id='word_1_175' title='bbox 188 3487 224 3544; x_wconf 93' lang='lat' dir='ltr'><strong>ln</strong></span> <span class='ocrx_word' id='word_1_176' title='bbox 248 3505 282 3545; x_wconf 92' lang='lat' dir='ltr'><strong>se</strong></span> <span class='ocrx_word' id='word_1_177' title='bbox 305 3498 357 3544; x_wconf 86' lang='lat' dir='ltr'><strong>aut</strong></span> <span class='ocrx_word' id='word_1_178' title='bbox 377 3497 560 3565; x_wconf 83' lang='lat' dir='ltr'><strong>tyranuum3</strong></span> <span class='ocrx_word' id='word_1_179' title='bbox 586 3502 670 3543; x_wconf 90' lang='lat' dir='ltr'><strong>nunc</strong></span> <span class='ocrx_word' id='word_1_180' title='bbox 691 3481 842 3544; x_wconf 87' lang='lat' dir='ltr'><strong>remolito</strong></span> <span class='ocrx_word' id='word_1_181' title='bbox 864 3479 961 3544; x_wconf 83' lang='lat' dir='ltr'><strong>chaos</strong></span> 
     </span>
     <span class='ocr_line' id='line_1_31' title="bbox 122 3583 951 3670; baseline 0 -27"><span class='ocrx_word' id='word_1_182' title='bbox 122 3587 290 3648; x_wconf 82' lang='lat' dir='ltr'><strong>20511iare</strong></span> <span class='ocrx_word' id='word_1_183' title='bbox 313 3583 442 3662; x_wconf 90' lang='lat' dir='ltr'><strong>mundo,</strong></span> <span class='ocrx_word' id='word_1_184' title='bbox 464 3598 566 3670; x_wconf 83' lang='lat' dir='ltr'><strong>&#39;seque</strong></span> <span class='ocrx_word' id='word_1_185' title='bbox 589 3599 622 3647; x_wconf 89' lang='lat' dir='ltr'><strong>et</strong></span> <span class='ocrx_word' id='word_1_186' title='bbox 635 3583 807 3646; x_wconf 83' lang='lat' dir='ltr'><strong>infandum</strong></span> <span class='ocrx_word' id='word_1_187' title='bbox 829 3596 923 3664; x_wconf 83' lang='lat' dir='ltr'><strong>caput</strong></span> <span class='ocrx_word' id='word_1_188' title='bbox 938 3586 951 3625; x_wconf 67' lang='lat' dir='ltr'><strong><em>s</em></strong></span> 
     </span>
    </p>
   </div>
   <div class='ocr_carea' id='block_1_3' title="bbox 0 0 1182 4282">
    <p class='ocr_par' dir='ltr' id='par_1_3' title="bbox 0 0 1182 4282">
     <span class='ocr_line' id='line_1_32' title="bbox 0 0 1182 4282; baseline 0 0"><span class='ocrx_word' id='word_1_189' title='bbox 0 0 1182 4282; x_wconf 95' lang='lat' dir='ltr'><strong> </strong></span> 
     </span>
    </p>
   </div>
  </div>
 </body>
</html>
