2356 4282
415 463 580 527 Cumanus
600 465 756 528 Prnnrs.

121 637 271 716 Restatc;
294 632 436 699 vinctum
456 635 576 700 milites
598 635 719 712 sistent,
743 630 800 697 ubi

71 745 102 799 15
123 734 261 798 Auditus
282 759 299 799 a
319 759 370 801 me
392 738 463 802 iura
481 761 542 823 pro
567 737 660 802 factis
680 738 772 803 ferat.

352 930 456 983 Clarus
473 931 645 984 Iudaeorum
661 929 815 983 mttlr‘erum.

121 1064 268 1147 Solymac
289 1079 396 1129 turres
418 1087 618 1152 regnumque
638 1080 738 1146 vetus,

119 1169 179 1230 Cui
201 1169 286 1234 victa
307 1170 377 1232 tulit
398 1185 486 1233 terra
506 1171 671 1246 tributum,

119 1271 210 1368 Quae
233 1271 349 1335 Niliaci
370 1269 488 1334 finibus
511 1271 621 1334 Isthmi

118 1375 238 1437 Procul
259 1375 426 1456 Assyrium
448 1374 549 1437 tendit
570 1374 610 1435 ad
631 1396 764 1453 amnem,

70 1485 104 1540 320
122 1479 200 1539 Cum
219 1475 392 1560 procubuit
412 1476 472 1539 tibi
493 1475 602 1538 fuscus
623 1476 738 1553 Arabs,

118 1580 233 1642 Mirata
258 1593 326 1642 tuas
349 1600 420 1641 cum
441 1579 530 1643 venit
551 1599 630 1661 opes

117 1682 264 1744 Decolor
287 1696 376 1743 ustae
398 1682 510 1765 regina
532 1681 659 1764 plagae:

118 1789 189 1846 Tua
212 1798 375 1847 certarunt
395 1783 531 1846 foedera
552 1783 660 1868 magni

117 1885 254 1948 Ambire
277 1886 386 1960 duces,
408 1880 493 1949 celsa
517 1886 639 1968 Canopi

70 1993 100 2050 25
119 1989 186 2086 Qui
209 2004 335 2072 sceptra
356 2003 476 2063 tenent,
500 2003 532 2050 et
553 1987 705 2052 Chaldaei

117 2093 196 2154 Lato
219 2089 341 2152 domini
362 2090 467 2174 gentis
489 2092 588 2166 ane,

118 2193 294 2276 Virtusque
316 2192 397 2254 mari
419 2194 556 2256 Sarrana
576 2208 713 2275 potens:

118 2299 211 2359 Nunc
232 2295 296 2358 heu
317 2296 402 2380 quali
424 2294 482 2356 sub
505 2296 649 2371 servitio,

117 2399 216 2474 Nihil,
241 2399 383 2463 externis
404 2399 468 2460 nisi
489 2397 619 2481 praeda,
641 2397 744 2461 iaces!

70 2505 102 2564 ³0
120 2503 182 2566 Uni
203 2503 298 2565 tellus
322 2501 482 2584 desponsa
503 2503 576 2563 Deo

118 2605 256 2703 Quoties
278 2604 404 2688 quoties
426 2604 557 2666 mutavit
576 2603 684 2678 heros,

117 2711 167 2770 Ex
190 2729 253 2792 quo
279 2701 431 2791 auspiciis
454 2727 520 2768 non
540 2721 654 2790 coepta
676 2706 771 2770 bonis

117 2814 207 2874 Nova
230 2825 403 2874 creverunt
423 2802 549 2871 moenia
571 2810 693 2892 templi,

118 2914 325 2998 Populusque
344 2913 429 2976 inter
450 2912 576 2978 vincula
598 2926 689 2975 natus

187 3165 224 3219 V.
244 3168 304 3220 216.
324 3162 439 3216 Chorus
458 3169 569 3215 constat
587 3155 717 3214 dimetria
745 3157 931 3231 anapaesticis
958 3166 1047 3212 acata·

116 3248 207 3305 lectis.
225 3256 305 3311 w„
316 3249 470 3307 sto-w
501 3256 588 3305 ῦῦ,.
628 3245 672 3301 cf.
692 3246 794 3301 Senec.
813 3242 884 3299 Oed.
902 3248 1045 3303 980-997.

115 3334 186 3393 sed.
204 3335 267 3390 Aet.
289 3335 325 3400 ll,
344 3339 392 3391 201
411 3349 477 3406 sqq.
836 3344 840 3350 ·

186 3442 223 3498 V.
242 3444 301 3496 224.
321 3438 455 3510 Canopus
473 3436 545 3492 urbs
562 3433 688 3510 Aegypti
705 3433 858 3490 inferioris
882 3431 921 3491 cd
943 3435 1049 3492 ostium

187 3635 220 3694 V.
237 3637 298 3693 227.
316 3631 407 3690 Sarra
424 3631 578 3706 antiquum
593 3645 699 3687 nomen
718 3628 797 3699 Tyri.
