2356 4282
100 458 162 533 102
455 458 671 521 Macareum

117 634 150 687 55
168 629 210 692 Ni
231 647 322 691 mens
342 625 456 690 fuisset
475 627 573 702 laeva,
598 625 738 688 fatorum
759 623 862 687 minas

168 729 300 794 Pridem
321 729 541 795 imminentum
562 728 667 812 potuit
688 728 852 791 admonitu
873 747 948 791 meo

162 834 279 901 ,Vitare
300 831 407 895 ludas:
428 832 551 914 potuit3
574 845 606 894 at
625 830 738 893 tumidi
763 830 861 894 duces

167 933 363 1017 Inauspicata
384 934 448 997 tela
471 948 675 1017 sumpserunt
695 955 797 997 manu.

166 1041 308 1121 Traxere
331 1036 464 1112 bellum,
488 1037 577 1100 cuiue
599 1037 766 1119 Assyrium
790 1057 919 1121 quoque

117 1147 151 1204 60
166 1141 341 1203 Misereret
361 1139 504 1219 hostem3
528 1139 664 1224 plusque
686 1159 863 1222 poenarum
885 1136 948 1201 tibi

165 1244 288 1311 Volens
312 1240 468 1326 pependit
490 1241 628 1325 Solyma,
653 1263 746 1326 quam
768 1241 875 1325 poscis
896 1241 991 1304 fetus

165 1345 307 1429 Exigere
329 1344 445 1413 victor.
468 1346 551 1406 Pace
574 1343 633 1405 sed
652 1342 717 1405 dici
739 1341 801 1405 hoc
823 1355 874 1405 tua

164 1447 292 1510 Liceat:
317 1447 453 1509 Suorum
476 1446 611 1519 scelere,
633 1466 698 1507 non
718 1457 827 1507 vestro
851 1443 931 1508 Sion

164 1549 281 1611 Exciso
299 1548 391 1612 ferro
413 1564 476 1612 est:
500 1548 578 1610 alibi
600 1569 774 1632 regnorum
797 1545 895 1609 decus

113 1661 145 1716 65
163 1651 237 1712 Huc
256 1649 342 1713 ferat
363 1664 394 1712 et
415 1650 492 1713 illuc
516 1672 592 1713 aura
612 1649 759 1712 fortunae
781 1648 863 1714 levis
871 1671 881 1728 3

162 1751 273 1815 Nostri
295 1752 350 1815 ille
371 1757 503 1828 Hector,
527 1753 617 1816 cuius
642 1767 773 1815 aeterno
796 1752 902 1814 omnia

162 1858 248 1917 Nutu
271 1853 430 1930 feruntur,
454 1856 571 1938 imperi
594 1854 633 1918 ad
656 1855 778 1919 clavum
801 1853 892 1916 sedet

162 1961 347 2041 Rerumque
371 1971 453 2019 taxat
474 1956 619 2020 moribus
643 1957 761 2020 nostris
783 1955 922 2018 modum.

161 2062 218 2133 Te,
242 2080 336 2143 quem
350 2058 500 2137 ⁴secundo
522 2059 607 2120 bella
630 2079 780 2120 successu
801 2057 953 2134 efferunt,

110 2175 144 2231 to
161 2161 297 2225 Animos
316 2161 446 2224 feroces
467 2182 632 2244 premere,
652 2160 815 2223 moderari
838 2161 1003 2245 impetum,

160 2269 402 2347 Memoremque
425 2262 520 2326 sortis
543 2284 614 2324 esse
637 2262 813 2325 communis
836 2262 939 2325 decet.

161 2366 234 2428 Suis
255 2365 359 2429 ruinis
380 2365 505 2446 Solyma
527 2387 622 2449 quem
642 2365 798 2427 tumidum
818 2364 904 2440 facit,

160 2467 330 2530 Tumidum
353 2467 498 2531 domaret
518 2468 650 2547 melius3
679 2468 741 2530 hoc
761 2467 907 2549 Babylon
927 2469 1000 2535 loco
1022 2481 1072 2544 est,

157 2567 249 2632 Unde
273 2570 326 2630 illa
348 2568 482 2632 cecidit:
508 2571 627 2653 quique
650 2583 813 2632 momento
835 2568 931 2633 obrui

110 2672 142 2728 75
161 2671 300 2754 Imperia
320 2671 407 2734 nosti
431 2671 545 2745 victor,
567 2671 637 2752 ipsc
658 2693 733 2734 mox
757 2685 810 2733 tuo

155 2774 287 2835 Docere
310 2772 343 2834 id
365 2772 471 2855 ipsum
491 2774 593 2837 victus
617 2774 765 2857 exemplo
786 2789 887 2857 potes.

155 2878 223 2938 Nec
242 2873 329 2936 mille
352 2874 463 2936 forsan
485 2874 620 2943 ducibus
641 2891 693 2938 aut
713 2876 803 2938 aunis
825 2899 948 2941 moram

155 2976 268 3039 Facies
292 2975 434 3039 duobus:
458 2976 521 3039 fcta
543 2998 636 3061 quam
658 2977 769 3060 paucis
791 2980 880 3042 Deus

158 3082 237 3140 Tam
258 3080 343 3141 lenta
364 3077 466 3141 dixit?
488 3102 549 3141 una
572 3101 808 3165 nonnumquam
828 3079 898 3143 dies

106 3192 139 3245 80
157 3181 284 3243 Funere
305 3181 486 3264 triumphos
509 3195 615 3256 mutat,
641 3197 674 3244 et
695 3182 813 3247 famulo
836 3183 961 3249 ducem.

155 3284 245 3344 Haec
267 3297 301 3346 tu
323 3297 504 3361 mement03
530 3304 657 3367 quoque
679 3282 829 3349 fortunae
853 3288 947 3351 altius

109 3450 114 3459 ‚
140 3387 198 3459 fre
221 3384 301 3447 laeta
323 3384 416 3460 tollit,
438 3384 542 3447 levius
563 3383 704 3448 afflictos
724 3408 854 3469 premet

154 3487 261 3547 Deum
282 3485 443 3552 faventem
464 3502 581 3565 metue,
604 3509 665 3551 nec
685 3503 785 3552 tutum
805 3504 881 3573 puta
956 3522 960 3529 ·

150 3584 282 3663 Efferre
297 3588 444 3674 cuiquam
463 3604 632 3656 contumax
651 3593 739 3657 caelo
761 3607 863 3677 caput.
942 3666 946 3673 ¹
