2356 4282
547 455 672 517 Gaetu

503 627 622 690 amus
642 627 849 695 secamus.

472 784 598 836 Ramnes.
636 785 737 838 tanaus.
775 785 881 837 Buten.

216 899 305 961 Ram.
327 900 369 960 Et
390 921 441 961 me
462 916 534 965 tuae
556 894 747 966 miserescit
761 901 881 977 aetatis,
904 921 998 985 puer,

216 998 321 1092 Quem
343 1002 471 1063 trahere
494 1023 626 1087 magnos
649 1002 689 1066 ad
703 988 980 1089 ¹S'ophompaneae
1001 1001 1081 1062 lares

215 1101 363 1163 Manibus
384 1102 563 1166 revinctum
585 1124 704 1189 cogor3
729 1119 761 1168 at
781 1103 862 1167 ratio
886 1102 1006 1185 imperi

214 1202 285 1264 Non
306 1217 427 1264 constat
447 1203 552 1280 aliter,
574 1226 699 1290 nosque
722 1202 775 1268 lex
797 1202 893 1265 iussis
913 1203 988 1265 heri

180 1302 306 1365 5Iubet
328 1303 492 1367 ministros
516 1326 598 1380 esse,
623 1327 777 1370 censores
799 1319 894 1369 vetat.
946 1302 949 1307 ’

215 1407 286 1469 Iud.
308 1406 343 1467 Si
364 1420 485 1490 patere,
508 1412 635 1485 Ramse,
660 1429 760 1493 pauca
781 1430 842 1494 pro
863 1427 967 1490 puero
988 1405 1101 1491 loquar,

215 1506 249 1567 si
270 1528 336 1569 non
358 1521 404 1570 sat
425 1507 515 1569 illum
535 1509 652 1578 liberat
674 1510 729 1573 tali
750 1502 874 1597 pnobro

214 1611 354 1692 Ingenua
377 1609 503 1691 speeies
526 1610 604 1685 oris,
625 1625 720 1696 atque
742 1604 816 1673 anni
839 1608 907 1672 doli

216 1710 355 1777 Vixdum
379 1731 522 1795 capaces,
545 1712 653 1797 pende
676 1709 762 1799 quod
784 1702 901 1774 fautum
924 1708 995 1771 dies

167 1817 198 1870 to
214 1813 375 1874 Hesterna
397 1810 498 1892 vidit3
519 1813 583 1876 hoo
604 1814 691 1900 qnod
716 1812 878 1878 adstrictis
897 1810 998 1875 boum

216 1913 421 1996 Tergoribus
442 1937 554 1977 aurum
576 1917 707 1999 publica
728 1936 839 1978 cusum
861 1929 936 1976 nota

214 2014 393 2077 Abdiderat
413 2037 508 2079 error
531 2033 648 2093 vester,
676 2018 710 2078 in
731 2016 824 2098 Syria
844 2014 918 2090 fuit,

214 2117 280 2178 Ubi
302 2116 468 2179 vindicare
489 2139 595 2194 nemo,
621 2139 682 2181 neo
702 2133 829 2202 poterat
851 2114 962 2201 queri:

214 2219 395 2279 Retulimus
416 2219 519 2282 ultro:
540 2241 672 2282 munera
695 2217 877 2283 addidimus
901 2216 963 2279 soli

165 2329 195 2381 15
213 2321 346 2403 Exigua,
368 2319 485 2396 fateor,
508 2321 656 2396 balsama,
684 2336 715 2385 et
737 2316 921 2394 mortalium

214 2421 335 2482 Imitata
358 2419 459 2505 digito
481 2443 585 2505 poma,
608 2435 640 2484 et
659 2421 745 2484 haud
766 2421 823 2482 uni
843 2418 926 2481 malo
1166 2388 1168 2477 l

212 2522 413 2584 Medicamen
433 2522 564 2598 herbas,
588 2522 738 2609 quodque
761 2519 954 2603 demyrrha
973 2517 1055 2599 fluit,

215 2622 385 2707 Apumque
406 2638 518 2686 nectar
541 2639 636 2708 atque
659 2623 874 2708 amygdalinas
894 2643 1006 2700 nuces,

214 2724 250 2787 Si
272 2725 373 2786 maius
395 2725 458 2788 isto
480 2725 572 2787 ferre
595 2726 777 2809 potuissent
797 2720 894 2788 onus¹

163 2839 197 2892 ²0
213 2830 349 2891 Nostrae
373 2825 611 2912 quadrupedes,
635 2826 696 2887 iam
718 2840 796 2910 puto
817 2846 876 2888 nos
899 2824 1030 2888 diceres

212 2931 283 2992 Non
305 2949 377 2990 esse
401 2949 525 3003 avaros,
549 2927 716 3011 improbos
739 2912 979 3019 multominus.
1165 2902 1168 2995 l

212 3034 303 3096 Ram.
324 3030 440 3105 lnanis,
461 3029 559 3097 horas
577 3016 720 3113 ¹perdere
742 3029 777 3091 in
798 3049 895 3093 voees
909 3028 1023 3114 labor,

213 3136 289 3210 Res,
314 3153 391 3217 quas
412 3130 544 3195 refellit.
589 3131 686 3228 Quod
709 3130 815 3195 datum
833 3130 986 3216 pretium,
1009 3129 1100 3196 modo

219 3308 425 3323 —u—

279 3415 314 3468 V.
334 3418 360 3468 2.
394 3409 630 3484 Sophompaneas
656 3410 752 3480 (hebr.
772 3411 1068 3482 Zaphnatpaunsaoh‚
1094 3407 1134 3462 sal·

213 3507 299 3553 vator
316 3497 418 3570 populi
442 3498 607 3570 interprete
631 3515 652 3552 s.
673 3499 865 3569 Hieronymo)
896 3513 1005 3552 nomen
1026 3498 1138 3570 losepho

213 3600 230 3640 a
247 3599 317 3656 rege
334 3583 542 3656 Aegyptiorum
560 3582 692 3637 inditum.
