<?xml version="1.0" encoding="UTF-8"?>
<!DOCTYPE html PUBLIC "-//W3C//DTD XHTML 1.0 Transitional//EN"
    "http://www.w3.org/TR/xhtml1/DTD/xhtml1-transitional.dtd">
<html xmlns="http://www.w3.org/1999/xhtml" xml:lang="en" lang="en">
 <head>
  <title>
</title>
<meta http-equiv="Content-Type" content="text/html;charset=utf-8" />
  <meta name='ocr-system' content='tesseract 3.04.00' />
  <meta name='ocr-capabilities' content='ocr_page ocr_carea ocr_par ocr_line ocrx_word'/>
</head>
<body>
  <div class='ocr_page' id='page_1' title='image "./tragoediaeselec00malagoog_0125.png"; bbox 0 0 2356 4282; ppageno 0'>
   <div class='ocr_carea' id='block_1_1' title="bbox 144 481 713 553">
    <p class='ocr_par' dir='ltr' id='par_1_1' title="bbox 144 481 713 553">
     <span class='ocr_line' id='line_1_1' title="bbox 144 481 713 553; baseline -0.005 -8"><span class='ocrx_word' id='word_1_1' title='bbox 144 481 205 553; x_wconf 78' lang='lat'>1-16</span> <span class='ocrx_word' id='word_1_2' title='bbox 498 484 713 545; x_wconf 75' lang='lat' dir='ltr'>Mmsruarrr</span> 
     </span>
    </p>
   </div>
   <div class='ocr_carea' id='block_1_2' title="bbox 163 650 1127 3704">
    <p class='ocr_par' dir='ltr' id='par_1_2' title="bbox 163 650 1037 1556">
     <span class='ocr_line' id='line_1_2' title="bbox 210 650 945 736; baseline -0.004 -21"><span class='ocrx_word' id='word_1_3' title='bbox 210 652 313 715; x_wconf 90' lang='lat' dir='ltr'>Muris</span> <span class='ocrx_word' id='word_1_4' title='bbox 335 651 503 728; x_wconf 86' lang='lat' dir='ltr'>timendas,</span> <span class='ocrx_word' id='word_1_5' title='bbox 525 653 613 716; x_wconf 89' lang='lat' dir='ltr'>mille</span> <span class='ocrx_word' id='word_1_6' title='bbox 635 665 814 736; x_wconf 84' lang='lat' dir='ltr'>prostratos</span> <span class='ocrx_word' id='word_1_7' title='bbox 836 650 945 728; x_wconf 81' lang='lat' dir='ltr'>duces,</span> 
     </span>
     <span class='ocr_line' id='line_1_3' title="bbox 211 755 984 840; baseline 0 -25"><span class='ocrx_word' id='word_1_8' title='bbox 211 756 251 817; x_wconf 91' lang='lat' dir='ltr'>Et</span> <span class='ocrx_word' id='word_1_9' title='bbox 272 755 396 819; x_wconf 88' lang='lat' dir='ltr'>facinus</span> <span class='ocrx_word' id='word_1_10' title='bbox 419 777 512 818; x_wconf 88' lang='lat' dir='ltr'>omne</span> <span class='ocrx_word' id='word_1_11' title='bbox 536 756 641 840; x_wconf 87' lang='lat' dir='ltr'>gentis</span> <span class='ocrx_word' id='word_1_12' title='bbox 662 755 831 818; x_wconf 77' lang='lat' dir='ltr'>Hebraeae</span> <span class='ocrx_word' id='word_1_13' title='bbox 853 768 984 817; x_wconf 78' lang='lat' dir='ltr'>canunt.</span> 
     </span>
     <span class='ocr_line' id='line_1_4' title="bbox 211 856 943 940; baseline -0.003 -20"><span class='ocrx_word' id='word_1_14' title='bbox 211 863 336 921; x_wconf 88' lang='lat' dir='ltr'>Merum</span> <span class='ocrx_word' id='word_1_15' title='bbox 359 872 492 932; x_wconf 85' lang='lat' dir='ltr'>sacrato,</span> <span class='ocrx_word' id='word_1_16' title='bbox 513 879 575 940; x_wconf 90' lang='lat' dir='ltr'>pro</span> <span class='ocrx_word' id='word_1_17' title='bbox 598 857 705 922; x_wconf 83' lang='lat' dir='ltr'>nefas!</span> <span class='ocrx_word' id='word_1_18' title='bbox 730 879 807 919; x_wconf 88' lang='lat' dir='ltr'>auro</span> <span class='ocrx_word' id='word_1_19' title='bbox 828 856 943 937; x_wconf 80' lang='lat' dir='ltr'>rubet3</span> 
     </span>
     <span class='ocr_line' id='line_1_5' title="bbox 212 958 1037 1044; baseline -0.006 -17"><span class='ocrx_word' id='word_1_20' title='bbox 212 961 286 1027; x_wconf 89' lang='lat' dir='ltr'>Vile</span> <span class='ocrx_word' id='word_1_21' title='bbox 308 961 341 1021; x_wconf 92' lang='lat' dir='ltr'>in</span> <span class='ocrx_word' id='word_1_22' title='bbox 362 960 501 1043; x_wconf 83' lang='lat' dir='ltr'>profano</span> <span class='ocrx_word' id='word_1_23' title='bbox 524 973 590 1023; x_wconf 81' lang='lat' dir='ltr'>est:</span> <span class='ocrx_word' id='word_1_24' title='bbox 612 960 705 1022; x_wconf 90' lang='lat' dir='ltr'>miles</span> <span class='ocrx_word' id='word_1_25' title='bbox 727 959 790 1022; x_wconf 86' lang='lat' dir='ltr'>beu</span> <span class='ocrx_word' id='word_1_26' title='bbox 812 959 919 1044; x_wconf 82' lang='lat' dir='ltr'>quivis</span> <span class='ocrx_word' id='word_1_27' title='bbox 938 958 1037 1022; x_wconf 81' lang='lat' dir='ltr'>bibit.</span> 
     </span>
     <span class='ocr_line' id='line_1_6' title="bbox 163 1061 991 1140; baseline 0.001 -18"><span class='ocrx_word' id='word_1_28' title='bbox 163 1075 196 1131; x_wconf 77' lang='lat' dir='ltr'>su</span> <span class='ocrx_word' id='word_1_29' title='bbox 212 1063 261 1123; x_wconf 91' lang='lat' dir='ltr'>En</span> <span class='ocrx_word' id='word_1_30' title='bbox 284 1084 361 1126; x_wconf 87' lang='lat' dir='ltr'>ecee</span> <span class='ocrx_word' id='word_1_31' title='bbox 383 1064 508 1125; x_wconf 88' lang='lat' dir='ltr'><strong>Ductor</strong></span> <span class='ocrx_word' id='word_1_32' title='bbox 529 1078 684 1125; x_wconf 83' lang='lat' dir='ltr'>memorat</span> <span class='ocrx_word' id='word_1_33' title='bbox 706 1084 869 1125; x_wconf 86' lang='lat' dir='ltr'>armorum</span> <span class='ocrx_word' id='word_1_34' title='bbox 890 1061 991 1140; x_wconf 73' lang='lat' dir='ltr'>uiues,</span> 
     </span>
     <span class='ocr_line' id='line_1_7' title="bbox 212 1169 850 1249; baseline -0.003 -21"><span class='ocrx_word' id='word_1_35' title='bbox 212 1169 254 1228; x_wconf 89' lang='lat' dir='ltr'>Et</span> <span class='ocrx_word' id='word_1_36' title='bbox 276 1179 377 1228; x_wconf 86' lang='lat' dir='ltr'>castra</span> <span class='ocrx_word' id='word_1_37' title='bbox 396 1186 496 1249; x_wconf 86' lang='lat' dir='ltr'>parvo</span> <span class='ocrx_word' id='word_1_38' title='bbox 518 1179 582 1227; x_wconf 87' lang='lat' dir='ltr'>tota</span> <span class='ocrx_word' id='word_1_39' title='bbox 603 1179 738 1227; x_wconf 89' lang='lat' dir='ltr'>metatur</span> <span class='ocrx_word' id='word_1_40' title='bbox 760 1186 850 1226; x_wconf 89' lang='lat' dir='ltr'>meru</span> 
     </span>
     <span class='ocr_line' id='line_1_8' title="bbox 212 1265 994 1353; baseline -0.004 -21"><span class='ocrx_word' id='word_1_41' title='bbox 212 1269 386 1353; x_wconf 89' lang='lat' dir='ltr'>Victasque</span> <span class='ocrx_word' id='word_1_42' title='bbox 410 1269 568 1349; x_wconf 82' lang='lat' dir='ltr'>Solymus:</span> <span class='ocrx_word' id='word_1_43' title='bbox 591 1267 645 1329; x_wconf 82' lang='lat' dir='ltr'>hie</span> <span class='ocrx_word' id='word_1_44' title='bbox 667 1267 746 1330; x_wconf 87' lang='lat' dir='ltr'>Sion</span> <span class='ocrx_word' id='word_1_45' title='bbox 767 1288 872 1350; x_wconf 83' lang='lat' dir='ltr'>nuper</span> <span class='ocrx_word' id='word_1_46' title='bbox 894 1265 994 1342; x_wconf 84' lang='lat' dir='ltr'>stetit,</span> 
     </span>
     <span class='ocr_line' id='line_1_9' title="bbox 212 1368 961 1454; baseline -0.004 -22"><span class='ocrx_word' id='word_1_47' title='bbox 212 1371 364 1454; x_wconf 85' lang='lat' dir='ltr'>Tulitque</span> <span class='ocrx_word' id='word_1_48' title='bbox 384 1370 474 1433; x_wconf 87' lang='lat' dir='ltr'>eaelo</span> <span class='ocrx_word' id='word_1_49' title='bbox 495 1368 676 1452; x_wconf 81' lang='lat' dir='ltr'>proximum</span> <span class='ocrx_word' id='word_1_50' title='bbox 697 1390 714 1431; x_wconf 89' lang='lat' dir='ltr'>e</span> <span class='ocrx_word' id='word_1_51' title='bbox 736 1368 835 1432; x_wconf 87' lang='lat' dir='ltr'>terris</span> <span class='ocrx_word' id='word_1_52' title='bbox 857 1382 961 1452; x_wconf 84' lang='lat' dir='ltr'>caput.</span> 
     </span>
     <span class='ocr_line' id='line_1_10' title="bbox 211 1470 937 1556; baseline -0.006 -19"><span class='ocrx_word' id='word_1_53' title='bbox 211 1473 353 1556; x_wconf 88' lang='lat' dir='ltr'>Relligio</span> <span class='ocrx_word' id='word_1_54' title='bbox 375 1472 480 1556; x_wconf 86' lang='lat' dir='ltr'>gentis</span> <span class='ocrx_word' id='word_1_55' title='bbox 502 1473 596 1535; x_wconf 89' lang='lat' dir='ltr'>unica</span> <span class='ocrx_word' id='word_1_56' title='bbox 616 1471 670 1532; x_wconf 85' lang='lat' dir='ltr'>hie</span> <span class='ocrx_word' id='word_1_57' title='bbox 690 1472 844 1553; x_wconf 85' lang='lat' dir='ltr'>templum</span> <span class='ocrx_word' id='word_1_58' title='bbox 865 1470 937 1533; x_wconf 84' lang='lat' dir='ltr'>fuit.</span> 
     </span>
    </p>

    <p class='ocr_par' dir='ltr' id='par_1_3' title="bbox 164 1572 1026 2066">
     <span class='ocr_line' id='line_1_11' title="bbox 164 1572 1026 1658; baseline 0.003 -25"><span class='ocrx_word' id='word_1_59' title='bbox 164 1581 195 1633; x_wconf 81' lang='lat'>65</span> <span class='ocrx_word' id='word_1_60' title='bbox 215 1577 318 1657; x_wconf 80' lang='lat' dir='ltr'>Saepe</span> <span class='ocrx_word' id='word_1_61' title='bbox 340 1576 400 1637; x_wconf 87' lang='lat' dir='ltr'>hae</span> <span class='ocrx_word' id='word_1_62' title='bbox 421 1574 572 1649; x_wconf 80' lang='lat' dir='ltr'>rebelles,</span> <span class='ocrx_word' id='word_1_63' title='bbox 594 1575 698 1658; x_wconf 89' lang='lat' dir='ltr'>prima</span> <span class='ocrx_word' id='word_1_64' title='bbox 720 1573 795 1635; x_wconf 86' lang='lat' dir='ltr'>dum</span> <span class='ocrx_word' id='word_1_65' title='bbox 816 1573 892 1638; x_wconf 76' lang='lat' dir='ltr'>valli</span> <span class='ocrx_word' id='word_1_66' title='bbox 912 1572 1026 1636; x_wconf 85' lang='lat' dir='ltr'>darem</span> 
     </span>
     <span class='ocr_line' id='line_1_12' title="bbox 214 1676 1011 1759; baseline 0 -20"><span class='ocrx_word' id='word_1_67' title='bbox 214 1676 381 1739; x_wconf 86' lang='lat' dir='ltr'>Praesidia</span> <span class='ocrx_word' id='word_1_68' title='bbox 403 1676 535 1752; x_wconf 79' lang='lat' dir='ltr'>circum,</span> <span class='ocrx_word' id='word_1_69' title='bbox 558 1677 702 1738; x_wconf 88' lang='lat' dir='ltr'>cominus</span> <span class='ocrx_word' id='word_1_70' title='bbox 724 1697 864 1759; x_wconf 88' lang='lat' dir='ltr'>pugnam</span> <span class='ocrx_word' id='word_1_71' title='bbox 884 1691 1011 1758; x_wconf 89' lang='lat' dir='ltr'>parant,</span> 
     </span>
     <span class='ocr_line' id='line_1_13' title="bbox 214 1777 968 1862; baseline -0.004 -22"><span class='ocrx_word' id='word_1_72' title='bbox 214 1777 405 1862; x_wconf 79' lang='lat' dir='ltr'>Audentque</span> <span class='ocrx_word' id='word_1_73' title='bbox 429 1778 530 1862; x_wconf 89' lang='lat' dir='ltr'>signis</span> <span class='ocrx_word' id='word_1_74' title='bbox 554 1799 667 1841; x_wconf 86' lang='lat' dir='ltr'>serere</span> <span class='ocrx_word' id='word_1_75' title='bbox 689 1778 812 1847; x_wconf 81' lang='lat' dir='ltr'>collatis</span> <span class='ocrx_word' id='word_1_76' title='bbox 834 1798 968 1839; x_wconf 86' lang='lat' dir='ltr'>manum.</span> 
     </span>
     <span class='ocr_line' id='line_1_14' title="bbox 214 1879 878 1963; baseline -0.002 -23"><span class='ocrx_word' id='word_1_77' title='bbox 214 1880 284 1942; x_wconf 89' lang='lat' dir='ltr'>lllic</span> <span class='ocrx_word' id='word_1_78' title='bbox 307 1881 448 1962; x_wconf 82' lang='lat' dir='ltr'>sepultae</span> <span class='ocrx_word' id='word_1_79' title='bbox 471 1901 530 1942; x_wconf 84' lang='lat' dir='ltr'>rex</span> <span class='ocrx_word' id='word_1_80' title='bbox 552 1901 613 1963; x_wconf 90' lang='lat' dir='ltr'>per</span> <span class='ocrx_word' id='word_1_81' title='bbox 635 1880 784 1963; x_wconf 77' lang='lat' dir='ltr'>ambages</span> <span class='ocrx_word' id='word_1_82' title='bbox 807 1879 878 1941; x_wconf 83' lang='lat' dir='ltr'>viae</span> 
     </span>
     <span class='ocr_line' id='line_1_15' title="bbox 214 1980 965 2066; baseline -0.003 -23"><span class='ocrx_word' id='word_1_83' title='bbox 214 1985 279 2043; x_wconf 90' lang='lat' dir='ltr'>lam</span> <span class='ocrx_word' id='word_1_84' title='bbox 296 1983 368 2044; x_wconf 90' lang='lat' dir='ltr'>luce</span> <span class='ocrx_word' id='word_1_85' title='bbox 391 1981 487 2044; x_wconf 91' lang='lat' dir='ltr'>dubia</span> <span class='ocrx_word' id='word_1_86' title='bbox 508 1982 665 2066; x_wconf 87' lang='lat' dir='ltr'>profugus</span> <span class='ocrx_word' id='word_1_87' title='bbox 689 1997 814 2043; x_wconf 83' lang='lat' dir='ltr'>eterra</span> <span class='ocrx_word' id='word_1_88' title='bbox 834 1980 965 2043; x_wconf 82' lang='lat' dir='ltr'>exstitit.</span> 
     </span>
    </p>

    <p class='ocr_par' dir='ltr' id='par_1_4' title="bbox 164 2082 997 2168">
     <span class='ocr_line' id='line_1_16' title="bbox 164 2082 997 2168; baseline -0.004 -22"><span class='ocrx_word' id='word_1_89' title='bbox 164 2095 197 2148; x_wconf 80' lang='lat'>70</span> <span class='ocrx_word' id='word_1_90' title='bbox 218 2084 271 2146; x_wconf 88' lang='lat' dir='ltr'>Sic</span> <span class='ocrx_word' id='word_1_91' title='bbox 294 2083 379 2146; x_wconf 87' lang='lat' dir='ltr'>bella</span> <span class='ocrx_word' id='word_1_92' title='bbox 398 2085 519 2168; x_wconf 82' lang='lat' dir='ltr'>pingit3</span> <span class='ocrx_word' id='word_1_93' title='bbox 544 2084 643 2146; x_wconf 86' lang='lat' dir='ltr'>calice</span> <span class='ocrx_word' id='word_1_94' title='bbox 668 2105 744 2147; x_wconf 87' lang='lat' dir='ltr'>mox</span> <span class='ocrx_word' id='word_1_95' title='bbox 766 2097 831 2146; x_wconf 87' lang='lat' dir='ltr'>toto</span> <span class='ocrx_word' id='word_1_96' title='bbox 854 2082 997 2166; x_wconf 77' lang='lat' dir='ltr'>impiger</span> 
     </span>
    </p>

    <p class='ocr_par' dir='ltr' id='par_1_5' title="bbox 177 2184 1127 2578">
     <span class='ocr_line' id='line_1_17' title="bbox 177 2184 999 2271; baseline -0.006 -20"><span class='ocrx_word' id='word_1_97' title='bbox 177 2243 181 2251; x_wconf 95' lang='lat'>.</span> <span class='ocrx_word' id='word_1_98' title='bbox 215 2187 383 2271; x_wconf 83' lang='lat' dir='ltr'>Falsisque</span> <span class='ocrx_word' id='word_1_99' title='bbox 407 2187 547 2268; x_wconf 86' lang='lat' dir='ltr'>Solymis</span> <span class='ocrx_word' id='word_1_100' title='bbox 567 2186 691 2269; x_wconf 88' lang='lat' dir='ltr'>proluit</span> <span class='ocrx_word' id='word_1_101' title='bbox 711 2184 871 2247; x_wconf 86' lang='lat' dir='ltr'>madidum</span> <span class='ocrx_word' id='word_1_102' title='bbox 895 2199 999 2267; x_wconf 79' lang='lat' dir='ltr'>eaput.</span> 
     </span>
     <span class='ocr_line' id='line_1_18' title="bbox 216 2288 1031 2372; baseline -0.009 -20"><span class='ocrx_word' id='word_1_103' title='bbox 216 2294 263 2362; x_wconf 82' lang='lat' dir='ltr'>lo,</span> <span class='ocrx_word' id='word_1_104' title='bbox 285 2290 479 2372; x_wconf 87' lang='lat' dir='ltr'>triumphos,</span> <span class='ocrx_word' id='word_1_105' title='bbox 504 2289 606 2351; x_wconf 89' lang='lat' dir='ltr'>ceteri</span> <span class='ocrx_word' id='word_1_106' title='bbox 627 2309 759 2350; x_wconf 87' lang='lat' dir='ltr'>assensu</span> <span class='ocrx_word' id='word_1_107' title='bbox 779 2288 931 2361; x_wconf 84' lang='lat' dir='ltr'>fremunt,</span> <span class='ocrx_word' id='word_1_108' title='bbox 1028 2340 1031 2345; x_wconf 93' lang='grc'><em>,</em></span> 
     </span>
     <span class='ocr_line' id='line_1_19' title="bbox 217 2387 1127 2475; baseline -0.008 -20"><span class='ocrx_word' id='word_1_109' title='bbox 217 2393 451 2475; x_wconf 89' lang='lat' dir='ltr'>Geminantque</span> <span class='ocrx_word' id='word_1_110' title='bbox 474 2392 613 2474; x_wconf 83' lang='lat' dir='ltr'>plausus.</span> <span class='ocrx_word' id='word_1_111' title='bbox 650 2391 745 2455; x_wconf 76' lang='lat' dir='ltr'>olor.</span> <span class='ocrx_word' id='word_1_112' title='bbox 762 2394 932 2471; x_wconf 87' lang='lat' dir='ltr'>Lacrymas</span> <span class='ocrx_word' id='word_1_113' title='bbox 957 2389 1041 2451; x_wconf 86' lang='lat' dir='ltr'>socii</span> <span class='ocrx_word' id='word_1_114' title='bbox 1062 2387 1127 2451; x_wconf 89' lang='lat' dir='ltr'>date</span> 
     </span>
     <span class='ocr_line' id='line_1_20' title="bbox 217 2491 1055 2578; baseline -0.007 -20"><span class='ocrx_word' id='word_1_115' title='bbox 217 2494 427 2578; x_wconf 85' lang='lat' dir='ltr'>Gemitusque</span> <span class='ocrx_word' id='word_1_116' title='bbox 450 2509 570 2569; x_wconf 88' lang='lat' dir='ltr'>contra,</span> <span class='ocrx_word' id='word_1_117' title='bbox 598 2494 742 2578; x_wconf 79' lang='lat' dir='ltr'>plangite</span> <span class='ocrx_word' id='word_1_118' title='bbox 763 2493 934 2554; x_wconf 85' lang='lat' dir='ltr'>infaustum</span> <span class='ocrx_word' id='word_1_119' title='bbox 956 2491 1055 2568; x_wconf 84' lang='lat' dir='ltr'>diem,</span> 
     </span>
    </p>

    <p class='ocr_par' dir='ltr' id='par_1_6' title="bbox 166 2597 971 2664">
     <span class='ocr_line' id='line_1_21' title="bbox 166 2597 971 2664; baseline -0.007 0"><span class='ocrx_word' id='word_1_120' title='bbox 166 2610 198 2664; x_wconf 80' lang='lat'>75</span> <span class='ocrx_word' id='word_1_121' title='bbox 216 2601 258 2661; x_wconf 87' lang='lat' dir='ltr'>Et</span> <span class='ocrx_word' id='word_1_122' title='bbox 277 2613 342 2662; x_wconf 89' lang='lat' dir='ltr'>tota</span> <span class='ocrx_word' id='word_1_123' title='bbox 362 2597 481 2661; x_wconf 88' lang='lat' dir='ltr'>nostris</span> <span class='ocrx_word' id='word_1_124' title='bbox 504 2598 661 2661; x_wconf 86' lang='lat' dir='ltr'>Reblatha</span> <span class='ocrx_word' id='word_1_125' title='bbox 680 2597 826 2659; x_wconf 86' lang='lat' dir='ltr'>lamentis</span> <span class='ocrx_word' id='word_1_126' title='bbox 849 2610 971 2659; x_wconf 85' lang='lat' dir='ltr'>sonent.</span> 
     </span>
    </p>

    <p class='ocr_par' dir='ltr' id='par_1_7' title="bbox 215 2696 1090 3087">
     <span class='ocr_line' id='line_1_22' title="bbox 215 2696 1000 2764; baseline -0.005 -1"><span class='ocrx_word' id='word_1_127' title='bbox 215 2704 275 2764; x_wconf 81' lang='lat' dir='ltr'>Ier.</span> <span class='ocrx_word' id='word_1_128' title='bbox 297 2701 339 2762; x_wconf 78' lang='lat' dir='ltr'>At</span> <span class='ocrx_word' id='word_1_129' title='bbox 360 2715 391 2763; x_wconf 92' lang='lat' dir='ltr'>at</span> <span class='ocrx_word' id='word_1_130' title='bbox 413 2698 569 2762; x_wconf 87' lang='lat' dir='ltr'>nefandae</span> <span class='ocrx_word' id='word_1_131' title='bbox 589 2698 748 2762; x_wconf 87' lang='lat' dir='ltr'>ferculum</span> <span class='ocrx_word' id='word_1_132' title='bbox 769 2718 887 2761; x_wconf 79' lang='lat' dir='ltr'>coenae</span> <span class='ocrx_word' id='word_1_133' title='bbox 909 2696 1000 2760; x_wconf 85' lang='lat' dir='ltr'>dabit</span> 
     </span>
     <span class='ocr_line' id='line_1_23' title="bbox 216 2798 1043 2887; baseline -0.001 -24"><span class='ocrx_word' id='word_1_134' title='bbox 216 2803 361 2887; x_wconf 89' lang='lat' dir='ltr'>Dignum</span> <span class='ocrx_word' id='word_1_135' title='bbox 385 2801 521 2864; x_wconf 88' lang='lat' dir='ltr'>satelles.</span> <span class='ocrx_word' id='word_1_136' title='bbox 543 2801 649 2884; x_wconf 81' lang='lat' dir='ltr'>Agite,</span> <span class='ocrx_word' id='word_1_137' title='bbox 673 2801 720 2862; x_wconf 86' lang='lat' dir='ltr'>sie</span> <span class='ocrx_word' id='word_1_138' title='bbox 740 2800 859 2863; x_wconf 84' lang='lat' dir='ltr'>mensis</span> <span class='ocrx_word' id='word_1_139' title='bbox 882 2798 1043 2883; x_wconf 85' lang='lat' dir='ltr'>quadrent</span> 
     </span>
     <span class='ocr_line' id='line_1_24' title="bbox 217 2902 1090 2988; baseline -0.003 -22"><span class='ocrx_word' id='word_1_140' title='bbox 217 2905 336 2966; x_wconf 89' lang='lat' dir='ltr'>Primis</span> <span class='ocrx_word' id='word_1_141' title='bbox 360 2902 535 2984; x_wconf 83' lang='lat' dir='ltr'>secundae3</span> <span class='ocrx_word' id='word_1_142' title='bbox 555 2905 740 2988; x_wconf 87' lang='lat' dir='ltr'>sanguinem</span> <span class='ocrx_word' id='word_1_143' title='bbox 762 2903 823 2966; x_wconf 87' lang='lat' dir='ltr'>hae</span> <span class='ocrx_word' id='word_1_144' title='bbox 850 2903 961 2965; x_wconf 83' lang='lat' dir='ltr'>sitiunt</span> <span class='ocrx_word' id='word_1_145' title='bbox 983 2902 1090 2987; x_wconf 86' lang='lat' dir='ltr'>dapes.</span> 
     </span>
     <span class='ocr_line' id='line_1_25' title="bbox 218 3003 1033 3087; baseline -0.002 -19"><span class='ocrx_word' id='word_1_146' title='bbox 218 3008 353 3075; x_wconf 83' lang='lat' dir='ltr'>Vinctus</span> <span class='ocrx_word' id='word_1_147' title='bbox 376 3005 527 3068; x_wconf 87' lang='lat' dir='ltr'>Sedecias</span> <span class='ocrx_word' id='word_1_148' title='bbox 552 3005 708 3086; x_wconf 79' lang='lat' dir='ltr'>trabitur3</span> <span class='ocrx_word' id='word_1_149' title='bbox 730 3019 763 3067; x_wconf 87' lang='lat' dir='ltr'>et</span> <span class='ocrx_word' id='word_1_150' title='bbox 783 3019 868 3067; x_wconf 90' lang='lat' dir='ltr'>totus</span> <span class='ocrx_word' id='word_1_151' title='bbox 890 3003 1033 3087; x_wconf 82' lang='lat' dir='ltr'>quidem,</span> 
     </span>
    </p>

    <p class='ocr_par' dir='ltr' id='par_1_8' title="bbox 167 3095 1107 3602">
     <span class='ocr_line' id='line_1_26' title="bbox 167 3095 850 3191; baseline -0.007 -19"><span class='ocrx_word' id='word_1_152' title='bbox 167 3095 201 3151; x_wconf 76' lang='lat'>⁸⁰</span> <span class='ocrx_word' id='word_1_153' title='bbox 217 3108 333 3171; x_wconf 86' lang='lat' dir='ltr'>Miseri</span> <span class='ocrx_word' id='word_1_154' title='bbox 353 3107 495 3191; x_wconf 86' lang='lat' dir='ltr'>parentis</span> <span class='ocrx_word' id='word_1_155' title='bbox 515 3107 613 3168; x_wconf 88' lang='lat' dir='ltr'>liberi</span> <span class='ocrx_word' id='word_1_156' title='bbox 633 3107 751 3189; x_wconf 89' lang='lat' dir='ltr'>stipant</span> <span class='ocrx_word' id='word_1_157' title='bbox 770 3105 850 3167; x_wconf 86' lang='lat' dir='ltr'>latus</span> 
     </span>
     <span class='ocr_line' id='line_1_27' title="bbox 216 3205 1107 3294; baseline -0.001 -25"><span class='ocrx_word' id='word_1_158' title='bbox 216 3210 426 3294; x_wconf 89' lang='lat' dir='ltr'>Densantque</span> <span class='ocrx_word' id='word_1_159' title='bbox 446 3209 567 3293; x_wconf 84' lang='lat' dir='ltr'>pavidi.</span> <span class='ocrx_word' id='word_1_160' title='bbox 611 3210 703 3273; x_wconf 75' lang='lat' dir='ltr'>Olor.</span> <span class='ocrx_word' id='word_1_161' title='bbox 724 3212 839 3291; x_wconf 87' lang='lat' dir='ltr'>Magne</span> <span class='ocrx_word' id='word_1_162' title='bbox 859 3220 1013 3291; x_wconf 88' lang='lat' dir='ltr'>regnatur</span> <span class='ocrx_word' id='word_1_163' title='bbox 1032 3205 1107 3291; x_wconf 89' lang='lat' dir='ltr'>puli,</span> 
     </span>
     <span class='ocr_line' id='line_1_28' title="bbox 218 3308 1011 3394; baseline -0.004 -19"><span class='ocrx_word' id='word_1_164' title='bbox 218 3313 378 3375; x_wconf 86' lang='lat' dir='ltr'>Miserere</span> <span class='ocrx_word' id='word_1_165' title='bbox 400 3311 537 3387; x_wconf 86' lang='lat' dir='ltr'>tandem,</span> <span class='ocrx_word' id='word_1_166' title='bbox 564 3312 659 3375; x_wconf 62' lang='lat' dir='ltr'>rultu‘</span> <span class='ocrx_word' id='word_1_167' title='bbox 675 3324 708 3372; x_wconf 87' lang='lat' dir='ltr'>et</span> <span class='ocrx_word' id='word_1_168' title='bbox 728 3308 881 3372; x_wconf 85' lang='lat' dir='ltr'>afflictum</span> <span class='ocrx_word' id='word_1_169' title='bbox 901 3309 1011 3394; x_wconf 81' lang='lat' dir='ltr'>aspice</span> 
     </span>
     <span class='ocr_line' id='line_1_29' title="bbox 219 3410 929 3498; baseline -0.007 -21"><span class='ocrx_word' id='word_1_170' title='bbox 219 3414 326 3478; x_wconf 88' lang='lat' dir='ltr'>ludam</span> <span class='ocrx_word' id='word_1_171' title='bbox 348 3435 483 3493; x_wconf 83' lang='lat' dir='ltr'>seren03</span> <span class='ocrx_word' id='word_1_172' title='bbox 505 3433 613 3498; x_wconf 86' lang='lat' dir='ltr'>parce,</span> <span class='ocrx_word' id='word_1_173' title='bbox 635 3433 697 3496; x_wconf 89' lang='lat' dir='ltr'>per</span> <span class='ocrx_word' id='word_1_174' title='bbox 719 3412 747 3474; x_wconf 88' lang='lat' dir='ltr'>si</span> <span class='ocrx_word' id='word_1_175' title='bbox 768 3410 848 3496; x_wconf 87' lang='lat' dir='ltr'>quid</span> <span class='ocrx_word' id='word_1_176' title='bbox 868 3410 929 3474; x_wconf 85' lang='lat' dir='ltr'>tibi</span> 
     </span>
     <span class='ocr_line' id='line_1_30' title="bbox 218 3512 975 3602; baseline -0.004 -23"><span class='ocrx_word' id='word_1_177' title='bbox 218 3519 376 3602; x_wconf 87' lang='lat' dir='ltr'>Umquam</span> <span class='ocrx_word' id='word_1_178' title='bbox 396 3529 564 3601; x_wconf 89' lang='lat' dir='ltr'>parentum</span> <span class='ocrx_word' id='word_1_179' title='bbox 585 3514 678 3577; x_wconf 83' lang='lat' dir='ltr'>dulce</span> <span class='ocrx_word' id='word_1_180' title='bbox 697 3523 883 3577; x_wconf 78' lang='lat' dir='ltr'>nostrorum</span> <span class='ocrx_word' id='word_1_181' title='bbox 903 3512 975 3576; x_wconf 73' lang='lat' dir='ltr'>fuit,</span> 
     </span>
    </p>

    <p class='ocr_par' dir='ltr' id='par_1_9' title="bbox 167 3613 1106 3704">
     <span class='ocr_line' id='line_1_31' title="bbox 167 3613 1106 3704; baseline -0.006 -18"><span class='ocrx_word' id='word_1_182' title='bbox 167 3613 200 3668; x_wconf 74' lang='lat'>³⁵</span> <span class='ocrx_word' id='word_1_183' title='bbox 217 3623 277 3686; x_wconf 80' lang='lat' dir='ltr'>let.</span> <span class='ocrx_word' id='word_1_184' title='bbox 298 3619 363 3691; x_wconf 82' lang='lat' dir='ltr'>Vix</span> <span class='ocrx_word' id='word_1_185' title='bbox 382 3620 504 3685; x_wconf 81' lang='lat' dir='ltr'>misera</span> <span class='ocrx_word' id='word_1_186' title='bbox 528 3638 674 3704; x_wconf 84' lang='lat' dir='ltr'>gressum</span> <span class='ocrx_word' id='word_1_187' title='bbox 692 3617 838 3683; x_wconf 85' lang='lat' dir='ltr'>eominus</span> <span class='ocrx_word' id='word_1_188' title='bbox 858 3637 977 3702; x_wconf 78' lang='lat' dir='ltr'>pompe</span> <span class='ocrx_word' id='word_1_189' title='bbox 997 3615 1106 3682; x_wconf 84' lang='lat' dir='ltr'>intulit</span> 
     </span>
    </p>
   </div>
   <div class='ocr_carea' id='block_1_3' title="bbox 0 0 1189 4282">
    <p class='ocr_par' dir='ltr' id='par_1_10' title="bbox 0 0 1189 4282">
     <span class='ocr_line' id='line_1_32' title="bbox 0 0 1189 4282; baseline 0 0"><span class='ocrx_word' id='word_1_190' title='bbox 0 0 1189 4282; x_wconf 95' lang='lat' dir='ltr'> </span> 
     </span>
    </p>
   </div>
  </div>
 </body>
</html>
