2356 4282
408 488 573 551 Guarsres
592 489 749 551 Perimes.
980 489 1042 559 165

116 664 236 744 Meque
257 658 311 721 illa
335 658 478 742 iamper
501 679 602 732 saera,
624 679 685 743 per
708 679 843 742 superos
863 674 965 745 regat,

115 765 164 826 Ne
186 764 256 825 iura
277 762 404 837 violem,
431 762 540 846 nilque
562 775 748 844 peccantem
770 759 912 824 hostium

118 863 291 928 Gratilicer
312 863 405 926 odiis.
430 866 562 947 Ergone
585 863 753 925 Hebraeos
774 876 893 945 patres,

115 969 157 1029 Et
178 964 281 1028 studia
302 979 438 1027 temnam
459 965 593 1027 traditae
617 966 721 1050 gentis
743 965 833 1039 mihi,

63 1065 100 1122 l35
116 1070 158 1131 Et
174 1090 238 1130 una
257 1067 332 1132 vilis
354 1069 456 1130 anima
478 1082 524 1130 tot
546 1067 652 1131 subito
673 1089 744 1130 mea

116 1169 290 1233 Benelaeta
308 1168 448 1253 perdet?
469 1172 582 1232 Clausa
603 1190 688 1231 nunc
709 1169 760 1231 his
783 1169 952 1234 moenibus

117 1271 232 1334 ledaea
252 1284 317 1334 tota
341 1286 405 1334 ests
428 1272 565 1335 advenas
587 1293 667 1356 quos
688 1272 799 1334 ultimo

117 1372 169 1434 Ab
192 1394 249 1435 axe
271 1374 358 1437 misit
379 1373 480 1449 orbis,
500 1373 586 1436 haud
608 1374 735 1456 capiunt
757 1373 882 1436 domus.

118 1475 207 1572 Quid
228 1475 256 1538 si
277 1498 363 1538 arma
385 1477 498 1560 vulgus
521 1475 625 1548 sumit,
648 1490 680 1537 et
702 1489 831 1558 coeptas
854 1479 952 1540 semel

62 1576 96 1633 l0
119 1581 193 1641 Non
213 1577 306 1660 ponit
325 1577 416 1640 iras?
437 1577 561 1639 seilicet
582 1575 679 1637 iudex
700 1577 773 1660 pius

117 1683 265 1762 Magnum
286 1678 438 1741 merebor
459 1699 538 1762 paee
561 1681 687 1740 turbata
707 1677 823 1741 decus!

117 1781 277 1843 Meliusne
300 1782 395 1843 morti
418 1780 569 1843 dabitur?
592 1793 621 1842 at
642 1781 735 1862 culpa
757 1795 855 1845 vacat.

119 1883 205 1977 Quin
227 1883 286 1944 ista
307 1904 420 1967 magna
442 1898 491 1946 est
511 1885 613 1967 culpa,
635 1883 722 1967 quod
743 1881 816 1945 fieri
836 1898 944 1968 potest

117 1986 250 2048 Materia
270 1985 367 2064 belli3
392 2004 433 2047 ne
454 1987 580 2069 periclo
602 1985 779 2048 sueeubent

62 2085 84 2136 5
118 2087 266 2169 Imperia,
289 2106 385 2168 saepe
407 2087 505 2149 valuit
526 2088 560 2147 in
582 2087 706 2148 crimen
728 2088 833 2149 timor.

117 2188 198 2271 Spes
219 2209 282 2250 una
303 2202 419 2250 restat:
444 2203 535 2272 terga
556 2190 652 2251 iussis
675 2190 793 2251 milites

118 2292 261 2353 Seeuere
282 2288 410 2372 ssagris3
434 2290 462 2352 si
483 2292 569 2354 truci
591 2293 772 2374 spectaculo

117 2392 159 2455 Se
180 2392 266 2455 forte
289 2393 395 2475 plebis
417 2394 510 2455 satiet
531 2394 631 2455 iratae
652 2393 755 2456 furor.

117 2498 166 2556 En
189 2495 291 2578 qualis
314 2494 431 2558 adstat!
455 2497 610 2578 sanguine
634 2509 665 2557 et
686 2495 850 2559 vibicibus

61 2595 84 2647 )
116 2597 247 2662 liabent
267 2598 398 2661 lacerti:
420 2600 552 2660 vulnere
574 2598 758 2659 exhaustum
780 2597 877 2659 latus:

116 2706 279 2764 Humeros
301 2716 453 2764 eruentes
475 2701 632 2763 concolor
653 2700 752 2764 vestis
774 2700 854 2783 tegit

116 2802 282 2868 Mendaeis
302 2803 399 2866 ostri:
422 2823 548 2886 proque
571 2816 658 2864 serto
679 2800 772 2884 regio

116 2911 292 2990 Utrumque
314 2919 441 2988 tempus
462 2925 594 2987 asperae
618 2918 724 2966 sentes
746 2915 905 2986 premunt.

117 3011 265 3093 Spectate
277 3007 447 3070 miserum!
473 3008 565 3070 lere.
580 3008 684 3080 Tolle,
700 3020 731 3068 et
748 3006 811 3068 hoc
825 3026 927 3088 purga
942 3001 1045 3065 solum

61 3111 81 3161 '²
118 3111 199 3178 Visu
220 3109 376 3172 nefando:
398 3107 463 3193 lige
489 3108 638 3172 devotum
661 3108 760 3170 cruci.
949 3102 952 3109 ’

116 3216 209 3277 Post.
228 3209 564 3293 Vestrumneregem?
588 3210 683 3273 Turb.
699 3206 790 3269 Nulla
801 3200 987 3270 consortem
995 3203 1046 3265 sui

116 3317 241 3380 Patitur
260 3328 419 3398 potestas3
444 3313 525 3374 iuris
546 3311 675 3374 humani
698 3310 862 3385 arbitrum,

118 3420 224 3516 Quem
244 3420 345 3480 Roma
366 3429 529 3490 monstrat,
555 3413 704 3478 colimus:
727 3433 825 3474 unum
847 3411 1017 3505 Caesarem

114 3519 292 3584 Dominum
312 3517 470 3583 fatemur:
495 3515 625 3581 Caesari
646 3513 913 3598 regnumeripit,

60 3627 104 3683 0
123 3625 273 3706 Regnare
298 3620 443 3705 quisquis
464 3632 598 3704 sperat..
624 3617 730 3702 Atque
751 3615 832 3680 adeo
852 3630 921 3680 tuas
