2356 4282
427 476 694 536 Soraonrrauuas.
993 477 1055 542 213

63 647 114 698 195
133 641 221 716 (Fuit
242 657 272 703 et
295 642 353 703 tihi
377 643 454 705 olim
476 644 618 726 genitor)
640 658 734 726 atque
756 642 890 704 animam
913 643 999 710 illius

133 743 224 835 Quae
248 757 310 805 tcta
332 764 433 825 puero
455 743 576 825 pendet
596 764 635 804 ex
658 745 730 818 isto,
753 744 817 805 levi

133 947 281 1006 Caussam
303 947 413 1006 senilis
436 947 548 1008 mortis
569 944 709 1006 adscribi
729 944 792 1008 tuis

132 1048 178 1107 Ne
200 1061 310 1128 patere
332 1047 442 1122 titulis,
469 1068 582 1128 magne
606 1061 751 1108 servator
772 1046 883 1108 Phari.

60 1160 114 1207 200
133 1149 296 1210 Vicarium
320 1169 369 1208 me
392 1169 480 1210 sume
505 1148 640 1220 servitii,
664 1167 790 1229 precor.

132 1250 223 1312 Onus
246 1249 413 1311 domorum
436 1265 484 1311 est
507 1264 598 1310 tener
620 1263 651 1310 et
675 1248 833 1311 invalidus
853 1272 946 1332 puer.

132 1356 203 1412 Mea
225 1352 330 1413 maior
352 1373 468 1434 oper-³3
492 1373 543 1413 me
564 1351 647 1431 patri
670 1349 736 1411 feci
757 1349 878 1414 vadem.

131 1454 178 1514 Ne
199 1473 297 1536 cogar
320 1453 409 1514 illum
432 1453 578 1535 aspicere
602 1450 718 1514 violata
741 1448 817 1528 fide,

132 1556 178 1614 Ne
203 1574 252 1614 me
276 1552 446 1637 gemitibus
469 1567 561 1636 atque
584 1551 816 1631 lachrymarum
838 1551 996 1616 imbribus

62 1669 113 1718 ‘205
133 1657 280 1729 Accuset‚
305 1670 337 1716 et
358 1676 430 1717 cum
450 1654 551 1716 fuerit
571 1655 605 1713 in
626 1667 734 1714 terrae
759 1653 863 1714 sinum

132 1755 336 1830 Condendae,
360 1758 430 1838 ipae
454 1755 577 1818 crimen
601 1753 649 1815 ibi
670 1751 804 1815 condam
827 1774 942 1816 meum.

131 1861 193 1920 loa.
221 1859 287 1919 Nec
310 1871 420 1919 cuncta
444 1877 524 1941 quae
547 1855 608 1918 tihi
629 1854 722 1929 dicta,
755 1873 816 1916 nec
839 1854 939 1918 eredo
960 1857 1051 1921 nihii.

134 1961 199 2054 Qui
221 1958 416 2021 constituere
437 1972 601 2040 properat,
627 1955 808 2038 ingreditur
830 1955 915 2021 viam

132 2059 184 2122 Ad
205 2058 444 2142 poenitendum.
493 2057 617 2124 Videre
640 2077 714 2119 mox
733 2057 879 2140 amplius.

63 2164 203 2227 2101ud.
224 2161 315 2222 Felix
337 2159 433 2221 nimis
456 2160 605 2241 losephe‚
626 2158 653 2218 si
675 2158 832 2222 extinctus
854 2159 949 2235 iaces,

135 2263 231 2358 Quod
250 2263 308 2323 ista
331 2263 393 2322 iam
415 2281 479 2322 non
500 2273 611 2342 patere
635 2259 802 2321 nobiscum
823 2259 920 2335 mala3

135 2365 170 2427 Si
191 2364 284 2437 vivis,
307 2363 377 2444 ipse
400 2359 486 2445 quod
508 2374 576 2422 tuas
598 2359 733 2420 iniurias

133 2469 203 2529 Non
226 2465 301 2526 sinit
325 2465 438 2526 inultas
460 2462 600 2523 aetheris
622 2458 729 2541 magni
750 2477 879 2540 parens.

528 2710 661 2771 chorus.

67 2899 118 2951 215
137 2883 208 2976 Qua
230 2891 397 2941 nascentes
420 2876 497 2939 solis
519 2874 628 2938 radios

136 2980 234 3048 Videt
257 2982 431 3062 Aegyptus,
453 2978 547 3039 tellus
570 2977 654 3039 iuxta

135 3082 312 3146 Phoenissa
333 3080 426 3152 iacet,
450 3099 544 3162 quam
569 3099 648 3164 gens
668 3077 833 3140 hominum

135 3184 263 3246 Meritis
284 3197 394 3265 partes
415 3181 505 3245 novit
525 3181 559 3241 in
580 3178 697 3254 ambas,

136 3285 275 3347 Dubiam
299 3283 397 3366 magis
419 3304 457 3343 an
480 3281 592 3364 prosit,
615 3301 655 3340 an
677 3279 769 3342 obsit.

206 3565 241 3617 V.
264 3567 322 3621 214.
360 3561 473 3618 cherua
492 3557 580 3614 habet
596 3565 771 3628 anapaestos.
