2356 4282
497 486 669 549 Benacus.
1006 482 1045 553 91

72 669 100 722 35
119 658 319 736 Bustumque
341 655 473 737 patriae,
496 667 562 716 tota
582 675 677 738 quem
698 675 868 738 numquam
891 655 967 718 satis

122 758 250 837 Solyma
273 756 444 831 obruisset,
467 757 627 819 subtrahis
650 759 714 819 leto
737 757 852 840 caput?

123 858 163 920 At
188 858 217 918 si
238 857 394 920 obstinate
415 858 543 922 sederat
565 880 724 942 nunquam
745 855 853 942 iugum

121 959 239 1021 Subire
261 974 418 1034 nostrum,
440 961 517 1044 quin
538 962 628 1045 prius
650 962 720 1023 dira
742 961 859 1034 omnis,

119 1064 316 1144 Pestemque
337 1076 369 1123 et
390 1061 484 1145 ignes
504 1077 536 1124 et
556 1064 674 1126 famem
696 1076 726 1123 et
749 1063 868 1124 bellum
891 1062 957 1145 pati

72 1180 101 1234 ta
121 1164 164 1224 Et
184 1177 297 1225 cuncta
319 1163 419 1238 serre,
443 1162 532 1227 ferre
556 1185 636 1248 quae
660 1163 812 1227 obsessus
835 1176 951 1247 potest,

120 1269 200 1328 Post
214 1279 309 1328 strata
327 1263 463 1328 flammis
484 1268 620 1349 Solyma,
641 1280 714 1349 post
731 1281 854 1348 pestem
876 1280 908 1328 et
932 1267 1048 1329 famem

121 1367 183 1429 cui
203 1381 235 1428 te
256 1388 403 1431 reservas
425 1367 568 1430 deinde?
591 1389 670 1452 quae
693 1389 793 1452 regna
816 1369 915 1430 altera

120 1468 292 1530 Perdendo
315 1469 457 1532 restant?
478 1471 592 1531 melius
616 1469 780 1532 ardentem
801 1489 915 1554 rogum

122 1571 250 1633 Patriae
277 1573 419 1635 subisset
442 1573 536 1635 sunus
558 1587 734 1636 extremum
756 1586 846 1634 tuae:

72 1685 105 1738 45
124 1675 195 1734 Rex
217 1673 402 1736 occidisses.
426 1675 592 1738 Perditum
614 1697 652 1738 an
673 1674 751 1736 tanti
774 1673 835 1736 fuit

124 1777 315 1857 Superesse,
341 1776 473 1859 posthae
495 1793 529 1839 ut
548 1777 608 1839 tibi
631 1777 751 1838 frustra
771 1777 903 1840 invoees

120 1881 261 1938 Mortem
284 1877 453 1941 relictam?
475 1879 540 1942 vile
564 1877 736 1940 ludibrium
759 1878 907 1952 bostium,

124 1979 227 2041 Vivax
249 1980 390 2042 miseriis
413 1995 536 2063 tempus
559 1995 592 2042 ut
612 2002 747 2064 quaeras
769 1980 854 2043 tuis?

121 2079 198 2144 See.
222 2081 450 2176 Quaecumque
473 2105 598 2144 amarus
619 2083 742 2167 ingeris
766 2084 868 2146 victor
889 2085 1019 2166 probra,

72 2198 106 2251 50
123 2184 248 2245 Audire
272 2185 393 2246 meruit
415 2184 528 2259 fateor,
555 2201 587 2247 et
608 2206 681 2248 sero
704 2186 813 2269 pudet.

124 2287 241 2347 Parum
263 2287 407 2360 rebeliis,
431 2302 599 2350 contumax
620 2311 732 2372 parum
753 2289 819 2364 fui3
853 2309 855 2312 ’

121 2392 187 2451 Res
211 2403 259 2451 est
281 2389 398 2472 inepta,
423 2388 531 2450 faeere
554 2387 711 2473 periidiae
733 2390 872 2452 modum.

121 2492 199 2552 Post
219 2491 401 2572 pertinaces
422 2488 576 2552 hactenus
598 2490 675 2551 belli
697 2512 812 2565 moros,

121 2596 200 2655 Post
223 2605 271 2654 tot
292 2611 436 2652 meorum
457 2591 573 2653 funera
590 2593 654 2654 boc
675 2612 771 2654 unum
797 2592 894 2666 dolet,

72 2708 104 2762 ot
124 2697 240 2759 Vestro
262 2692 348 2776 quod
371 2693 446 2775 igne
471 2695 596 2772 Soiyma
617 2716 682 2754 non
704 2710 815 2756 nostro
837 2696 951 2757 iacent.

124 2800 192 2857 Hac
216 2797 243 2856 si
267 2794 420 2879 deinceps
444 2809 527 2856 stare
550 2818 614 2857 non
635 2811 783 2879 poterant
804 2818 908 2871 manu,

124 2900 277 2958 Poterant
298 2898 426 2978 periret
449 2912 559 2959 cuneta
581 2899 790 2960 cumulassem
812 2900 902 2980 prius

125 2998 250 3092 Quibus
272 2999 421 3081 superbis
443 3000 546 3081 spolia
568 3013 600 3061 et
620 3000 745 3062 ardenti
768 3022 866 3084 super

125 3102 257 3164 Cumulo
281 3101 467 3179 irruissem3
491 3101 621 3164 trahere
643 3102 800 3165 labentem
823 3105 929 3165 omnia

72 3216 105 3272 80
123 3207 247 3286 Regem
269 3202 412 3266 deeebst.
437 3206 504 3267 Neo
526 3219 632 3266 tamen
651 3204 750 3266 iactes
773 3219 842 3266 tuos

124 3310 258 3367 Tantum
282 3305 479 3388 triumphos3
503 3327 569 3367 non
591 3319 641 3366 tua
665 3307 766 3368 victos
788 3308 909 3388 premis

123 3408 250 3473 Virtute
274 3408 608 3488 Hebraeos2801yma
632 3410 830 3492 consumpsit
851 3413 930 3485 lues,

120 3512 168 3570 Tu
193 3509 337 3571 diruisti:
362 3509 457 3570 faciei
480 3525 512 3571 et
531 3509 669 3571 imbellis
691 3525 795 3593 potest

118 3614 238 3674 lactare
261 3609 411 3674 flammas.
435 3612 517 3673 Nat.
541 3611 657 3694 Captus
678 3626 828 3675 armatum
848 3612 996 3696 improbo
