2356 4282
478 512 481 517 .
497 453 715 516 Marsuam

481 627 597 691 holus
628 627 781 693 terrun.

406 757 669 815 Nabuchodonosor.
704 762 854 814 Ieremias.

164 877 247 941 Nat.
270 878 385 968 Quem,
409 880 555 957 Phoebe,
572 897 683 945 nostro
699 879 807 944 cernis
821 877 963 962 imperio
975 898 1090 961 parem,

164 981 371 1077 Quacumque
392 986 517 1046 Nereus
538 984 639 1049 incoli
660 994 764 1047 terras
785 982 870 1061 sinit,

164 1084 229 1145 Seu
251 1085 372 1168 retegis
395 1085 508 1147 orbem
529 1088 646 1150 melior
667 1101 700 1150 et
720 1085 835 1171 primis
857 1106 962 1152 novus

165 1182 321 1248 Occurris
343 1185 441 1260 ludis,
464 1189 564 1270 spatia
585 1210 643 1251 seu
664 1209 793 1250 mensus
812 1187 881 1270 poli

129 1295 146 1347 5
165 1288 286 1350 Currus
306 1291 402 1353 Ibero
423 1290 524 1374 tingis
546 1291 699 1354 emeritos
720 1289 831 1353 freto?

164 1392 228 1452 Iam
249 1405 300 1454 ter
323 1393 465 1455 rebelles
488 1391 578 1455 ferre
599 1406 650 1455 ter
671 1391 786 1455 domiti
809 1390 913 1453 sciunt

162 1491 330 1556 Victorem
353 1493 516 1574 Hebraei3
542 1494 651 1576 posuit
673 1494 836 1578 Aegyptus
858 1493 964 1555 minas

164 1592 339 1676 Sestiasque
361 1594 445 1658 vidit
466 1615 564 1657 ruere
587 1609 621 1658 et
642 1596 772 1679 aequari
795 1595 864 1658 solo

150 1695 280 1788 ¹Quieta
303 1697 456 1776 Solymus.
482 1700 613 1761 Genere
637 1699 766 1762 mortali
787 1698 891 1775 altior,

114 1807 147 1860 10
165 1797 229 1858 Par
251 1796 384 1881 gradior
407 1799 518 1881 astris3
545 1800 649 1863 omnis
671 1814 839 1863 autunum
860 1797 1001 1883 adspicit

160 1900 336 1961 Dominum
358 1900 506 1964 subactus
529 1902 629 1978 orbis,
657 1916 708 1964 aut
729 1924 827 1963 unum
847 1901 941 1964 timet

160 2003 336 2064 Laoessere
358 2003 502 2082 hostem3
524 2003 641 2066 foedus
662 2004 829 2085 Assyrium
851 2003 957 2065 ultimi

160 2104 336 2166 Hominum
360 2121 534 2189 reposcunt
557 2107 629 2191 lege
651 2128 712 2191 qua
733 2106 811 2169 vieti
836 2106 950 2169 solent.

162 2206 292 2269 Caelum
316 2221 364 2271 est
386 2209 552 2272 relietum:
577 2209 693 2293 dignus
715 2223 764 2271 est
782 2208 902 2271 nostris
924 2208 1028 2283 labor,

113 2323 144 2375 15
162 2308 288 2394 Dignus
308 2311 483 2393 trophaeis.
506 2312 651 2394 Iuppiter
668 2311 802 2395 posthae
824 2310 904 2372 mihi

162 2413 297 2474 Certare
320 2414 405 2474 solus
429 2413 521 2488 ausit,
545 2426 577 2475 et
598 2412 661 2474 nisi
681 2412 807 2474 abditus

163 2515 259 2577 Caelo
281 2516 404 2588 lateret,
427 2515 455 2575 si
476 2514 593 2599 pedem
615 2514 713 2577 liceat
732 2513 810 2599 pedi

163 2617 334 2692 Conferre,
355 2618 490 2681 vineam.
515 2622 636 2680 Memet
657 2618 825 2681 habuisset
846 2617 980 2689 ducem

161 2721 340 2804 Terrigena
361 2721 464 2794 miles,
488 2723 543 2805 qui
565 2721 656 2804 gravi
677 2721 815 2785 Pindum
835 2720 912 2804 iugo

112 2839 146 2891 20
162 2822 319 2904 Imposuit
340 2819 453 2898 Ossae,
475 2823 606 2885 tertium
629 2820 669 2885 atl
688 2845 823 2906 superos
846 2821 981 2906 gradum

165 2924 360 2986 Struxissem
382 2923 532 3007 Olympo.
583 2924 671 3022 Quid
692 2925 786 2988 deum
807 2923 933 2987 turbam
955 2919 1082 2988 moror?

163 3025 199 3087 Si
221 3040 294 3089 sunt
315 3041 422 3090 tamen
443 3026 496 3088 di:
520 3028 667 3111 Iuppiter
688 3029 776 3091 oaelb
797 3027 936 3113 imperet

161 3128 349 3212 Ventosque
373 3150 484 3191 sensus
507 3129 641 3201 domitet
663 3145 822 3214 expertes,
849 3136 957 3199 meum
980 3145 1030 3193 est

163 3232 313 3315 Regnare
336 3231 437 3297 vivis:
465 3231 626 3296 imbribus
648 3235 770 3296 caelum
792 3234 932 3319 obtegat,

231 3427 269 3480 V.
291 3439 313 3484 1·
332 3442 396 3499 sqq.
413 3423 682 3482 Nabuchodonosor
703 3425 827 3483 victoria
844 3427 935 3482 elatus
954 3426 1088 3484 adversus

161 3509 257 3565 Deum
272 3509 426 3578 insolescit,
456 3510 594 3568 Sedeeiae
612 3513 729 3570 insultat
752 3523 782 3570 et
804 3511 868 3568 dira
887 3530 1022 3590 quaeque
1040 3514 1087 3570 mi·

162 3596 285 3652 nitatur.
