2356 4282
492 453 632 520 Ptrtvu

480 625 609 679 socrat
646 626 775 679 Madian·

168 776 236 858 Sit.
260 779 303 842 Ut
326 779 462 865 quisque
486 779 615 845 domitis
636 782 741 864 parcit
764 795 795 843 et
817 780 900 844 iusto
922 779 1055 847 modum

167 882 264 944 Ponit
284 881 390 944 furori
411 884 516 946 lentus
538 896 569 945 et
590 883 703 946 decori
726 883 853 958 timens,

100 983 150 1038 ³25
168 986 241 1047 Hoc
263 1005 318 1047 sua
338 986 463 1069 periclo
486 1000 611 1069 sceptra
634 986 783 1070 graviore
806 985 968 1072 implicat3

167 1086 338 1151 Perdenda
358 1109 492 1172 prorsus
515 1087 621 1152 dubia.
666 1089 762 1187 Quod
784 1110 886 1175 regno
909 1086 1055 1173 expedit,

168 1188 230 1251 Fas
252 1188 423 1272 imperanti
447 1202 503 1250 est.
551 1193 622 1254 iura
642 1192 801 1274 privatum
825 1204 918 1276 caput

168 1295 338 1376 Legeoque
360 1304 488 1355 metuat.
530 1295 598 1355 Lex
619 1293 682 1354 cibi
704 1307 735 1355 et
757 1293 839 1357 necti
863 1292 987 1356 arbiter

169 1393 372 1456 Dominautis
382 1394 520 1457 animus:
539 1394 697 1480 quidquid
704 1394 997 1480 huicpiacitumest
1009 1394 1092 1461 litet

101 1497 152 1551 ³30
170 1487 256 1556 Hinc
279 1492 351 1558 diva
373 1496 497 1574 solium,
525 1496 656 1560 famosi
680 1519 756 1563 vera
779 1513 837 1573 est,
860 1500 946 1563 Iovis

171 1599 313 1674 Astraea,
339 1598 479 1689 et‘iilinc
502 1620 578 1663 cana
601 1599 781 1663 circumstat
802 1600 946 1678 Themis,

171 1700 214 1763 Ut
232 1699 318 1763 iussa
341 1692 403 1786 quo
427 1723 461 1764 se
484 1722 609 1788 cunque
630 1703 768 1765 rectoris
791 1701 919 1777 dabunt,

171 1805 319 1887 Aequum
340 1804 403 1868 hoc
426 1819 563 1888 putetur.
600 1806 713 1867 Fracta
734 1825 803 1867 cum
826 1805 965 1889 primum
988 1806 1092 1892 iugum

170 1906 321 1969 Hebraea
340 1921 451 1970 nostro
470 1911 573 1971 Mane
596 1906 771 1992 progenies
793 1908 873 1984 tulit,

104 2015 153 2074 3³5
174 2009 288 2072 Perire
312 2008 419 2072 decuit
438 2010 577 2093 penitus.
621 2009 708 2072 Hinc
731 2009 776 2073 nil
798 2011 860 2072 iam
881 2009 944 2072 sibi

174 2112 285 2178 Victor
307 2113 445 2176 timeret.
491 2111 556 2175 Sed
577 2113 651 2176 neci
673 2133 846 2197 oppressos
868 2111 945 2175 dare

169 2218 235 2278 Tot
256 2213 462 2278 immerentes
483 2215 596 2299 piguit.
642 2218 714 2278 Hoc
736 2214 785 2276 illi
807 2229 883 2298 puto

171 2318 322 2379 'l'imuere
344 2316 478 2381 facinus.
525 2323 637 2404 Regna
660 2338 731 2380 cum
754 2316 854 2380 scisso
875 2315 973 2402 fugax

172 2419 285 2482 Aliena
306 2419 421 2504 pelago
442 2418 535 2482 turba
555 2440 680 2504 perque
700 2418 841 2482 Arabum
863 2419 972 2504 plagas

104 2533 156 2589 340
174 2523 217 2584 Et
238 2519 440 2604 inhospitalis
464 2522 563 2606 spatia
585 2520 768 2583 transmittit
788 2520 858 2596 soli,

173 2622 232 2686 Cui
254 2635 320 2684 tum
341 2621 515 2708 pepercit?
538 2623 628 2686 cuius
650 2623 803 2685 abstinuit
821 2643 931 2684 manus

171 2725 272 2788 Dirus
295 2744 412 2788 cruore
433 2723 578 2809 praedo?
600 2723 652 2787 cui
672 2724 768 2787 vitam
791 2721 881 2785 dedit

175 2831 253 2892 Cum
274 2830 439 2892 servitute.
484 2829 597 2914 Strage
619 2828 795 2913 populatim
817 2826 929 2889 domus

174 2931 296 2994 Arsene
318 2931 439 2992 eadem.
483 2931 587 2994 Periit
609 2932 720 2994 aetatis
743 2949 870 3015 quoque

107 3047 157 3103 ³⁴5
173 3033 359 3096 Discrimen
380 3031 431 3094 hio
454 3053 630 3119 sexusquet
652 3053 709 3096 seu
731 3052 839 3117 spansa
862 3028 991 3117 oppidis

179 3193 384 3207 m

107 3368 111 3373 ¹
245 3301 283 3358 V.
303 3304 364 3359 323.
387 3316 451 3374 sqq.
470 3299 594 3355 sisaram
615 3306 744 3354 extrema
760 3296 902 3355 Hebraeis
924 3295 1113 3353 minitantem*

176 3385 308 3458 ambiguo
326 3387 404 3442 lovis
419 3387 539 3440 oraculo
558 3396 656 3442 terret
674 3384 798 3444 Madian.

245 3492 282 3546 V.
300 3497 359 3550 331.
391 3492 543 3546 Astraea
573 3489 627 3544 dea
655 3488 789 3557 iustitiae,
814 3498 844 3544 et
866 3487 1015 3543 Thornia
1046 3486 1095 3542 dea

178 3593 261 3638 nuru.
