2356 4282
964 435 1028 505 245

95 614 252 672 verisimile
269 618 324 684 est)
345 614 408 683 illo,
427 631 513 688 quem
525 612 628 687 Nigrin
646 627 797 667 vocavere.
817 608 890 666 Inde
901 608 1030 665 Africam

98 702 134 758 ab
142 700 465 774 Athiopiadispescens,
485 700 592 754 etiamsi
611 718 670 754 non
687 699 823 771 protinus
838 697 965 770 populis,
984 697 1026 752 fe-

97 789 141 844 ris
161 798 256 842 tamen
273 797 303 842 et
320 787 428 841 belluis
447 787 596 859 frequens,
617 787 817 858 silvarumque
835 783 951 854 opifex,
969 801 1028 838 me·

99 876 163 930 dios
182 875 338 946 Aethiopas
356 885 451 940 secat,
471 874 689 948 cognominatus
706 874 849 945 Astapus,
870 871 950 945 quod
967 871 1029 925 illa-

98 981 164 1017 rum
186 961 314 1034 gentium
335 961 434 1034 lingua
458 960 598 1032 significat
615 976 718 1032 aquam
737 978 753 1013 e
772 958 901 1013 tenebris
919 957 1030 1030 proflu-

99 1059 198 1103 entem.
236 1048 344 1100 lnsulas
362 1048 401 1100 ita
420 1048 587 1100 innumeras
605 1046 729 1119 spargit,
754 1046 952 1119 quasdamque
971 1057 1029 1100 tam

100 1146 193 1190 vastae
211 1132 429 1206 magnitudinis,
448 1143 480 1186 ut
499 1150 663 1206 quanquam
681 1133 786 1205 rapida
804 1132 969 1198 eeleritate,
989 1143 1029 1186 ta·

98 1239 163 1275 men
187 1220 301 1274 dierum
326 1220 457 1292 quinque
482 1237 570 1273 cursu
593 1238 651 1273 non
681 1219 822 1274 breviore
852 1220 1029 1274 transvolet:

98 1308 174 1361 cirea
192 1305 373 1360 clarissimam
395 1321 495 1358 earum
509 1305 639 1374 Meroen,
658 1305 817 1360 Astaboras
835 1307 920 1360 laevo
942 1307 1027 1359 alveo

99 1393 203 1462 dietus;
228 1395 283 1446 hoc
309 1402 351 1446 est
375 1409 472 1445 ramus
490 1410 582 1464 equae
600 1393 739 1447 venientis
759 1410 774 1447 e
792 1392 934 1448 tenebris:
962 1392 1031 1447 dex-

98 1490 164 1535 tero
182 1499 256 1534 vero
277 1479 440 1549 Astusapes,
454 1478 535 1549 quod
552 1479 665 1533 latentis
677 1479 909 1552 significationem
918 1478 1030 1534 adiicit:

98 1585 152 1622 nec
172 1578 236 1620 ante
254 1565 353 1631 Nilus,
380 1581 465 1634 quarn
489 1582 519 1618 se
536 1575 628 1618 totum
647 1567 728 1637 aquis
747 1566 942 1621 concordibus
959 1586 1030 1622 rur-

100 1673 147 1709 sus
165 1654 268 1709 iunxit.
291 1650 337 1704 Sic
356 1667 474 1722 quoque
494 1651 648 1704 etiamnum
666 1652 746 1719 Siris,
765 1664 798 1707 ut
816 1664 883 1707 ante
901 1654 1032 1708 nomina-

100 1753 146 1796 tus
165 1759 221 1812 per
239 1739 350 1810 aliquot
374 1735 477 1803 millia,
504 1748 533 1790 et
557 1738 586 1789 in
608 1748 701 1791 totum
718 1741 847 1794 Homero
869 1740 1027 1812 Aegyptus,

100 1828 221 1899 aliisque.
235 1825 351 1878 Triton:
373 1821 496 1876 subinde
512 1823 612 1876 insulis
626 1823 777 1895 impactus,
796 1824 918 1880 totidem
931 1826 1029 1881 incita·

100 1926 144 1970 tus
161 1909 360 1975 irritamentis,
386 1920 535 1979 postremo
554 1911 681 1965 inclusus
701 1912 863 1976 montibus,
887 1930 940 1966 nee
961 1912 1031 1966 alibi

101 2004 270 2073 torrentior,
290 2018 390 2060 vectus
407 2003 490 2076 aquis
507 2001 732 2074 properantibus
751 2002 787 2054 ad
799 2002 897 2054 locum
912 2001 1031 2055 Aethio·

98 2107 187 2161 pum,
215 2093 266 2164 qui
285 2090 433 2162 Catadupa
450 2100 586 2157 vocatur,
608 2089 766 2143 novissimo
792 2099 934 2142 cataracte
952 2088 1030 2142 iuter

101 2187 284 2230 occursantes
298 2177 433 2248 scopulos
445 2193 502 2228 non
509 2174 600 2228 fluere
614 2174 751 2228 immenso
760 2173 1029 2246 fragoreereditur,

102 2262 154 2315 sed
177 2281 275 2317 ruere.
313 2266 415 2317 Postea
434 2263 507 2316 lonis
527 2273 555 2315 et
573 2261 726 2315 confractis
746 2262 843 2335 aquis,
865 2260 1031 2335 domitaque

103 2349 248 2414 violentia,
267 2349 376 2423 aliquid
395 2360 424 2403 et
442 2348 533 2420 spatio
552 2348 656 2415 fessus,
674 2348 771 2401 multis
790 2348 921 2421 quamvis
940 2349 1030 2402 fauci·

103 2432 157 2488 bus
175 2436 204 2487 in
217 2436 391 2508 Aegyptium
408 2453 488 2489 mare
507 2453 536 2488 se
557 2436 672 2488 evomit.
710 2436 802 2490 Certis
821 2447 917 2489 tamen
930 2435 1030 2490 diebus

100 2532 190 2574 auctu
207 2539 310 2593 magno
334 2541 388 2594 per
411 2531 499 2575 totam
522 2521 660 2592 spatiatus
685 2523 861 2592 Aegyptum,
886 2521 1028 2576 fecundus

107 2607 214 2661 innatat
237 2619 344 2662 terrae.
383 2611 488 2664 Causas
511 2608 596 2662 huius
618 2609 783 2662 incrementi
808 2610 905 2663 varias
928 2609 1032 2681 prodi-

108 2692 188 2759 dere,
208 2694 571 2766 sedmaximeprohabilcs.
610 2694 773 2748 Etesiarum
792 2713 827 2750 eo
844 2707 977 2769 tempore
996 2715 1030 2752 ex

103 2781 227 2835 adverso
246 2782 373 2835 flantium
392 2799 613 2853 repercussum,
633 2782 712 2835 ultro
738 2783 767 2835 in
788 2800 840 2838 ora
859 2795 922 2838 acto
940 2785 1032 2856 mari3

105 2878 155 2921 aut
174 2867 281 2921 imbres
293 2868 462 2940 Aethiopiae
482 2870 607 2923 aestivos
624 2868 724 2923 iisdem
738 2871 839 2924 Etesiis
855 2872 954 2924 nubila
973 2873 1025 2926 illo

101 2954 261 3009 serentibus
281 2975 296 3008 e
317 2956 434 3028 reliquo
453 2958 533 3012 orbe.
551 2959 683 3012 Timaeus
696 2960 913 3015 Mathematicus
932 2962 1031 3016 occul-

102 3051 160 3094 tam
183 3042 306 3112 protulit
325 3045 485 3097 rationem:
510 3045 638 3098 Phialam
663 3046 804 3117 appellari
827 3047 936 3099 sontem
961 3048 1031 3114 eius,

102 3128 253 3199 mergique
273 3128 302 3182 in
321 3130 485 3193 cuniculos,
505 3131 600 3202 ipsum
618 3149 744 3194 amnem,
765 3149 875 3205 vapore
896 3132 1029 3188 anhelan-

103 3223 161 3267 tem
183 3213 302 3268 fumidis
334 3216 465 3269 cautibus
494 3218 543 3270 ubi
567 3217 712 3274 conditur.
749 3221 858 3273 Verum
879 3219 948 3273 Sole
973 3238 1029 3292 per

103 3317 153 3353 eos
172 3298 233 3353 dies
253 3300 379 3354 eominus
391 3302 475 3370 facto,
493 3305 602 3357 extrahi
621 3303 734 3358 ardoris
753 3305 792 3372 vi,
812 3316 841 3360 et
859 3323 1029 3378 suspensum

102 3385 268 3456 abundare,
294 3406 326 3441 ac
353 3407 471 3443 rursum
493 3409 529 3444 ne
549 3391 707 3445 devoretur
728 3391 873 3446 abscondi.
910 3393 941 3446 ld
960 3410 1026 3448 eve·

101 3472 165 3525 nire
183 3489 199 3524 a
217 3474 301 3526 Canis
320 3486 398 3541 ortu,
417 3495 471 3546 por
489 3477 641 3532 introitum
660 3478 735 3533 Solis
753 3479 783 3532 in
800 3481 944 3548 Leonem,
963 3496 1032 3534 con-

101 3568 148 3611 tra
161 3559 402 3630 perpendiculum
421 3561 507 3616 fontis
524 3563 618 3618 sidere
635 3575 736 3635 stante,
756 3583 822 3619 cum
839 3566 869 3619 in
888 3584 923 3621 eo
935 3578 1032 3624 tractu
