2356 4282
434 447 703 508 Soruourauuas.

64 615 116 669 350
134 617 175 677 Et
197 615 283 678 sitim
303 617 397 680 tellus
420 637 490 678 mea
513 615 611 678 sentit
630 614 733 689 altrix,
820 641 825 647 ·

133 721 202 780 Nec
223 739 294 780 suas
318 718 403 780 amni
424 716 547 800 pluvias
568 715 736 778 refundit?

133 821 184 880 An
206 833 278 886 tuos
301 835 409 883 natum
431 833 583 902 vegetare
606 838 718 880 cursus

127 922 277 982 'Mercuri
300 922 394 984 velox
415 920 578 986 hebetavit
598 934 719 982 astrum

135 1024 233 1086 Stella
255 1024 384 1086 Saturni
405 1022 524 1106 pigra?
544 1045 618 1084 num
642 1022 763 1106 gelatus

62 1128 112 1182 355
134 1126 297 1189 Occidens
319 1147 438 1190 vernos
460 1126 627 1209 Zephyros
649 1139 798 1201 retentat,

132 1228 198 1322 Qui
218 1241 305 1290 tuum
327 1241 393 1291 toto
415 1229 531 1312 pelago
553 1226 729 1291 retundunt

131 1331 275 1402 Flumen,
301 1344 332 1392 et
353 1344 472 1412 cogunt
494 1351 647 1412 superare
671 1328 781 1412 ripas?

32 1455 34 1459 ’
128 1432 183 1501 An
205 1431 323 1495 cadens
345 1432 380 1492 in
402 1453 436 1494 sc
458 1446 568 1494 veteru
591 1431 761 1516 abnegavit

130 1537 167 1597 lu
189 1550 260 1598 tuos
284 1555 396 1597 cursus
418 1534 563 1597 alimenta
587 1535 691 1609 tellus,

63 1633 115 1689 3⁶⁰
135 1640 219 1700 Dum
242 1635 329 1720 quod
351 1636 487 1700 Atlantis
511 1636 583 1720 iuga
605 1637 709 1719 pulsat
729 1657 856 1701 omnem

132 1739 287 1805 Ambiens
309 1739 461 1801 mundum
484 1759 582 1813 mars,
608 1759 669 1821 per
689 1759 841 1802 cavernas

131 1840 267 1905 Abditas
288 1862 383 1904 caeco
406 1855 492 1904 vetat
516 1840 566 1902 irc
586 1837 695 1916 fluctu,

129 1942 196 2008 Aut
220 1944 271 2006 via
292 1942 356 2006 labi
377 1942 531 2027 prohibet
551 1943 668 2005 latente

130 2043 196 2136 Qui
219 2042 280 2109 tibi
302 2043 412 2106 furtim
436 2045 599 2106 sociantur
622 2044 753 2108 amnes?

59 2151 112 2209 365
131 2147 193 2206 Ista
215 2145 249 2205 ni
270 2144 375 2218 fallor,
402 2145 533 2208 nimium
555 2146 654 2230 periti

130 2246 293 2343 Quaeritis
315 2246 444 2311 frustra.
489 2250 580 2311 Deus
600 2248 690 2311 orbis
712 2263 824 2314 auctor

97 2412 99 2417 ,
127 2352 209 2432 Ipse,
237 2369 308 2412 cum
330 2350 431 2413 terris
454 2352 535 2412 male
558 2351 674 2412 mixtus
694 2350 811 2412 humor

126 2451 252 2513 Littore
277 2465 309 2513 et
330 2452 411 2533 ripis
433 2449 549 2512 didicit
570 2450 687 2525 tenori,

126 2551 218 2612 Fecit
240 2564 273 2613 et
294 2552 409 2626 Nilum,
435 2550 632 2635 propriaque
654 2552 757 2614 vinxit

56 2658 109 2712 370
125 2654 223 2736 Lege,
247 2673 340 2736 quam
362 2654 470 2736 culpas
492 2654 658 2716 hominum
680 2676 818 2739 perosus

126 2759 238 2827 Mutat,
260 2768 292 2816 et
314 2755 467 2818 monstris
489 2756 569 2819 mala
593 2757 695 2820 saecla
716 2772 854 2835 terrens,

125 2862 242 2920 Tentat
264 2857 443 2920 inuectum
466 2879 621 2922 revocare
643 2875 766 2944 gentes.

486 3059 692 3073 ῃ

433 3205 552 3268 Actus
573 3210 749 3280 quartus·

298 3435 301 3441 ,
349 3355 492 3419 Iosephus.
527 3357 625 3408 laedas.
662 3359 819 3410 Beniamin.

123 3489 185 3550 Ios.
208 3488 358 3573 Abripite
380 3513 483 3574 puero
504 3492 641 3570 vincula,
665 3507 699 3556 ut
720 3493 915 3578 respondeat

122 3586 292 3652 Liberius:
316 3605 349 3654 et
369 3614 427 3656 vos
449 3595 599 3678 corporis
624 3596 757 3681 comites
778 3597 853 3671 mei,
