2356 4282
510 451 679 517 sannone.
991 452 1053 529 103

66 629 105 684 85
122 620 206 685 Nat.
222 621 284 683 Sua
305 620 421 707 cuique
444 621 628 697 destruere,
652 622 739 706 quod
761 621 856 686 deum
870 623 983 707 populi
998 644 1054 690 ro.

123 728 184 789 rer.
200 725 243 788 At
250 724 330 787 illud
338 725 479 791 undeest
486 724 574 811 quod
582 739 665 790 tuam
674 726 817 789 dextram
824 727 941 792 vocas?
955 727 1051 812 [cant.

122 827 206 892 Nat.
224 832 319 891 Mene
338 848 419 913 crgo
436 842 543 891 terrae
562 826 663 891 filium
681 842 735 891 aut
753 828 886 912 fungum
902 830 1018 913 putas?

123 931 196 991 Non
219 943 291 991 eunt
310 929 486 1012 parentes?
516 932 589 993 pler.
610 931 654 992 At
675 951 749 994 suae
769 930 957 1013 parentibus

127 1036 267 1096 Dextrae
282 1031 429 1113 fuerunt3
454 1032 563 1096 unde?
604 1034 685 1098 Nat.
708 1033 813 1130 Quem
824 1048 931 1117 captas
944 1056 1053 1111 senex,

68 1146 107 1200 tto
125 1140 250 1219 Regem
258 1156 297 1197 an
305 1133 503 1218 sophistam?
533 1140 592 1200 Ier.
607 1135 962 1201 Neminemestanimus
971 1137 1052 1201 mois

126 1239 261 1319 Captare
283 1234 412 1314 verbis3
433 1258 494 1301 neo
513 1253 620 1301 tamen
641 1253 787 1302 nostrum
808 1236 950 1300 arbitror

123 1341 261 1421 Palpare
283 1359 391 1424 reges.
415 1344 486 1403 Rex
508 1361 562 1420 es3
586 1355 617 1402 at
638 1354 669 1403 te
691 1337 856 1403 hominem
876 1338 970 1402 decet

123 1439 312 1506 Meminisse
335 1439 491 1505 eundem:
513 1463 689 1524 purpuram
711 1455 744 1503 et
763 1440 858 1524 regni
883 1454 973 1506 notas

123 1546 243 1606 Natura
264 1543 380 1618 nescit,
401 1565 482 1628 quae
508 1544 581 1606 sinu
603 1543 706 1606 nudos
728 1541 821 1606 dedit

67 1663 106 1717 95
124 1645 298 1731 Nudosque
321 1646 448 1729 recipit.
491 1647 574 1710 Ncb.
595 1650 668 1709 lure
690 1644 843 1709 nascendi
864 1664 960 1730 pares

125 1750 267 1811 Fortuna
291 1762 365 1830 post
384 1746 546 1814 discrevit.
590 1751 649 1813 ier.
681 1748 734 1810 An
755 1761 842 1813 sorte
864 1748 947 1813 haec
966 1746 1048 1832 regi,

124 1854 252 1915 Nutune
275 1850 384 1932 potius
403 1852 520 1913 mentis
541 1865 691 1915 aeternae
713 1849 828 1934 putas?

123 1954 206 2016 Nat.
230 1954 370 2017 Fortuna
386 1975 534 2038 magnum
551 1969 600 2018 est
612 1976 741 2030 numen,
766 1969 818 2019 aut
829 1955 950 2019 nullum
961 1973 1050 2019 reor.

124 2060 184 2120 Ier.
206 2057 348 2119 Fortuna
370 2057 491 2119 nullum
513 2072 563 2119 est
583 2078 711 2131 numen,
740 2071 794 2120 aut
814 2077 945 2122 caecum
964 2071 1049 2141 puta.

55 2178 109 2232 100
126 2163 200 2223 Non
221 2158 377 2242 deligenti
400 2157 532 2223 donati
553 2159 676 2243 spargit
696 2181 800 2236 manu,

126 2265 192 2326 Cur
214 2263 330 2329 colitur
353 2262 427 2338 eris,
454 2263 538 2325 nulla
562 2283 642 2347 quae
664 2263 778 2327 merita
799 2261 958 2346 adspicit?

125 2367 258 2427 Frustra
280 2386 316 2426 es
338 2363 486 2440 colendo,
514 2364 676 2428 demereri
699 2386 770 2428 oum
790 2365 916 2449 nequis.

127 2469 185 2530 Sin
207 2468 321 2532 merita
341 2467 486 2550 prudens
507 2482 620 2551 pensat
640 2482 673 2530 et
693 2467 776 2532 votis
798 2467 894 2544 favet,

126 2573 269 2635 Fortuna
290 2591 356 2632 non
376 2584 434 2632 est.
478 2570 559 2633 Nob.
581 2571 666 2644 Fata,
688 2569 850 2634 fortunam
870 2590 961 2646 voca,
980 2585 1034 2637 aut

59 2694 107 2748 105
126 2670 361 2764 Quodcumque
384 2670 509 2734 tandem
532 2671 632 2735 volvit
652 2670 803 2733 humanas
823 2671 921 2747 vices,

125 2775 196 2836 Nisi
219 2774 273 2837 ille
295 2774 412 2857 potius,
438 2795 533 2858 quem
556 2773 618 2836 sibi
640 2772 744 2857 quivis
765 2795 860 2836 manu

127 2876 261 2941 Sanoire
283 2875 415 2959 poterit,
437 2875 519 2941 ordo
541 2875 679 2939 fatorum
699 2889 815 2938 manet.

124 2984 185 3046 Ier.
206 2981 396 3063 Aequumne
419 2977 490 3053 fuit,
518 3000 659 3040 summus
680 2993 714 3043 ut
734 2998 845 3041 rerum
865 2996 993 3059 parens,

128 3085 219 3181 Quae
242 3095 354 3145 cuncta
377 3079 504 3163 sapiens
527 3079 682 3155 condidit,
707 3100 782 3145 casu
804 3079 886 3142 sinat

52 3209 107 3262 110
124 3188 278 3270 Neglecte
298 3184 392 3260 ferri,
423 3197 458 3246 ut
480 3181 639 3267 quidlibet
658 3197 780 3245 temere
802 3179 916 3246 audeat

126 3288 246 3353 Libido
268 3285 388 3351 inulta?
410 3307 486 3348 num
507 3299 561 3348 tuo
583 3304 708 3348 morem
729 3283 816 3347 hunc
838 3283 917 3351 velis

126 3398 244 3476 Regno
266 3390 427 3472 obtinere,
448 3390 536 3473 regis
557 3404 592 3453 ut
613 3389 701 3452 nullo
724 3400 811 3451 metu

125 3499 314 3579 Legumque
336 3492 425 3558 nullo
444 3493 579 3577 quisque
603 3490 691 3576 quod
712 3489 847 3555 lubitum
867 3504 919 3555 est
937 3487 1029 3553 nefas

127 3597 290 3681 Designet
304 3593 413 3662 ultro?
456 3594 539 3661 Nab.
563 3592 651 3691 Quid
670 3592 698 3657 si
716 3607 748 3658 et
761 3592 825 3657 hoc
837 3590 1057 3659 mundidoeus
