2356 4282
34 451 54 522 6
428 454 566 516 Paravit

53 626 86 679 10
104 623 244 706 Populus
266 621 402 685 rubente
426 643 538 707 sospes
561 622 693 685 eductus
715 619 800 683 freto

106 724 232 786 Siccum
254 745 315 806 per
337 723 437 786 undas
459 724 584 787 medius
607 724 772 809 impressit
793 721 919 805 pedem.

102 825 230 887 Insolita
251 828 376 888 Nereus
397 826 526 889 horruit
548 827 683 911 vestigia

101 929 295 1012 Frustraque
318 929 455 992 tumidos
479 952 627 1012 spumeus
649 930 780 993 volvens
803 927 918 1011 globos

102 1033 137 1091 In
162 1053 196 1094 se
218 1053 387 1115 repressus
410 1031 522 1093 haesit.
567 1032 653 1092 Hinc
674 1053 735 1114 per
755 1051 806 1091 me
829 1029 955 1111 impius,

53 1141 84 1195 15
106 1135 225 1217 Aperta
249 1134 348 1196 celeri
370 1133 468 1195 maria
490 1133 564 1193 dum
586 1147 737 1216 peragrat
760 1146 830 1193 rota

103 1237 304 1321 Pavidosque
327 1236 472 1318 sequitur
492 1235 594 1298 hostis
618 1258 634 1296 a
656 1250 749 1319 tergo
773 1253 937 1318 premens,

102 1341 263 1421 Praeceps
285 1337 427 1399 reductis
449 1335 598 1400 fluctibus
620 1359 744 1398 mersus
766 1335 861 1419 perit.

35 1508 39 1516 ‚
103 1440 186 1500 Exin
209 1460 269 1522 per
290 1440 393 1523 ampla
415 1439 515 1522 spatia
537 1454 720 1522 tractusque
744 1439 849 1499 invios

106 1541 268 1604 Sollicitus
291 1541 353 1625 egi,
379 1539 555 1603 ssammeam
577 1542 723 1603 attollens
743 1540 847 1602 facem

52 1641 86 1692 2⁰
104 1645 276 1726 Densaque
299 1643 429 1707 rutilum
450 1642 535 1703 nube
560 1644 731 1704 subtexens
754 1642 855 1702 diem:

103 1745 288 1830 Stabileque
311 1745 423 1829 pepigi
446 1743 560 1807 foedus
584 1758 616 1806 et
636 1745 764 1829 gemino
788 1743 863 1805 dedi

103 1849 206 1912 Incisa
229 1871 303 1912 saxo
325 1849 403 1923 iura,
426 1870 486 1932 qua
509 1848 603 1910 celsis
627 1847 731 1910 Arabs

103 1952 248 2014 Sublime
271 1950 364 2012 collis
387 1948 526 2011 nubibus
550 1948 653 2032 iungit
676 1963 778 2032 caput.

102 2054 246 2115 Micuere
270 2052 362 2114 coelo
386 2051 513 2136 fulgura
534 2065 566 2113 et
588 2050 719 2112 fremitu
741 2049 848 2111 minax

52 2161 84 2212 25
103 2156 246 2219 Intonuit
267 2154 396 2216 aether:
421 2153 556 2215 stridulo
581 2153 715 2215 emissus
739 2153 850 2237 fragor

102 2257 277 2320 Terribilis
299 2277 374 2319 aere
399 2256 481 2318 colle
505 2268 628 2318 sacrato
651 2256 765 2339 procul

103 2361 242 2422 Gressus
262 2357 417 2442 profanos
438 2358 551 2421 arcuit.
597 2360 711 2419 Lustra
731 2358 807 2420 hinc
830 2371 942 2442 quater

103 2464 167 2522 Per
189 2460 315 2545 gemina
337 2459 495 2545 profugos
517 2458 603 2522 inter
626 2474 753 2522 arentes
771 2460 880 2544 plagas

102 2566 173 2626 Non
195 2562 290 2646 fruge
314 2562 454 2637 Cereris,
480 2583 545 2624 non
567 2562 710 2625 laborata
732 2560 823 2645 dape,

54 2674 89 2728 30
106 2671 173 2729 Nec
195 2665 301 2748 opima
321 2665 415 2727 tellus
438 2677 550 2747 sponte
573 2686 652 2748 quos
675 2665 780 2728 foetus
801 2665 894 2748 parit,

104 2768 170 2831 Sed
192 2789 268 2830 rore
291 2788 386 2832 vesco
394 2789 403 2846 3
429 2766 532 2850 qualis
554 2767 704 2830 herbosis
731 2768 816 2852 riget

103 2871 224 2934 Pruina
247 2871 377 2956 campis,
403 2869 476 2952 pavi
498 2883 529 2930 et
550 2871 669 2931 exustis
693 2869 746 2932 siti

103 2973 243 3035 Emicuit
264 2972 328 3035 icto
351 2970 477 3057 gelidus
500 2992 517 3033 e
539 2993 614 3035 saxo
635 2973 728 3034 latex.

103 3077 181 3138 Post
202 3075 281 3137 haec
302 3088 349 3138 tot
371 3074 455 3136 inter
475 3073 570 3150 bella,
593 3089 640 3137 tot
660 3075 745 3137 cultu
766 3073 916 3138 horridas

53 3188 85 3241 ³5
105 3176 294 3260 Animisque
314 3190 435 3261 gentes,
468 3199 529 3260 per
550 3192 597 3240 tot
619 3198 768 3239 errorum
788 3177 876 3240 vices

170 3427 205 3483 V.
226 3431 266 3482 12.
285 3427 427 3492 Nereus,
448 3425 518 3480 deus
536 3423 674 3487 marinus,
691 3440 748 3496 pro
765 3442 872 3484 mare.

170 3511 209 3564 V.
227 3517 269 3566 22.
288 3511 381 3566 Arabs
400 3509 481 3565 collis
499 3509 528 3563 h.
548 3527 573 3567 e.
591 3507 680 3565 Sinai.

171 3597 205 3653 V.
224 3601 268 3654 ³1.
286 3598 401 3653 Vesco
420 3594 537 3666 antique
553 3593 571 3657 i.
591 3611 619 3666 q.
636 3611 733 3667 pasco.
