2356 4282
144 456 206 526 180
544 453 666 518 Gaorn

213 624 337 688 Cohors
357 623 507 708 pepercit
528 625 626 700 Latia,
653 623 711 687 sed
730 623 793 690 vita
814 642 931 688 vacans

210 733 382 792 Tremente
405 729 498 791 miles
519 730 629 793 lancea
650 731 791 792 incursat
810 729 903 790 latua.

210 836 349 895 Patuere
371 830 463 895 ferro
486 833 620 906 viscera,
644 845 676 893 et
698 832 820 915 apertis
841 852 940 916 aquas

211 936 312 1000 Venis
334 935 487 997 micantes
508 934 624 996 mixtus
646 931 762 996 effudit
781 955 890 997 eruor.

143 1047 193 1100 295
211 1036 339 1099 Sublata
361 1051 530 1120 postquam
552 1057 700 1119 corpora,
724 1050 758 1098 et
777 1055 895 1102 vacuae
917 1053 1035 1098 cruoes

212 1141 348 1214 Stetere,
374 1138 464 1202 vultu
485 1137 578 1201 turba
599 1159 665 1200 non
682 1159 746 1200 uno
769 1137 861 1222 fugit,

209 1245 288 1303 Pars
308 1255 439 1314 moesta,
460 1260 536 1324 pars
558 1241 705 1319 attonita3
732 1261 795 1323 quo
815 1238 910 1301 ruitis
931 1237 1023 1304 viri?

209 1340 410 1405 Mactandum
423 1340 461 1403 ad
473 1340 610 1425 agnum?
627 1342 701 1406 vilis
714 1341 794 1402 baec
808 1339 940 1401 nimium
952 1338 1062 1403 hostia
1074 1353 1132 1402 est:

210 1442 369 1506 Mactastis
390 1444 563 1506 hominem.
608 1444 699 1507 one.
722 1442 816 1505 Fallit
835 1441 1006 1526 ambiguus
1028 1440 1113 1504 diet:

142 1561 192 1613 300
210 1546 262 1607 An
284 1546 375 1607 triste
398 1546 511 1630 vulgus
532 1559 635 1621 tueor,
661 1559 694 1607 et
713 1543 925 1606 muliebribus

211 1651 339 1711 Laniata
362 1649 474 1731 palmis
495 1663 641 1731 pectora,
666 1662 700 1711 et
718 1646 835 1711 flentes
855 1647 978 1731 genas?

210 1751 254 1813 At
276 1750 351 1812 inde
375 1748 469 1812 tardo
490 1751 583 1812 miles
601 1750 763 1812 Ausonius
784 1747 886 1832 gradu

211 1852 392 1936 Trepidam
415 1851 454 1914 ad
477 1854 556 1915 altos
574 1851 735 1936 praesidis
759 1850 862 1914 tendit
882 1850 978 1912 lares.

434 2018 541 2067 chorus
558 2016 747 2067 Romanorum
773 2015 904 2065 militum.

212 2135 241 2199 Ο
264 2133 319 2217 qui
341 2149 497 2218 perpetua
517 2149 629 2199 ventus
652 2135 684 2196 in
707 2131 812 2195 orbita

142 2245 191 2300 305
211 2239 314 2300 Curru
333 2235 527 2300 flammifero
547 2251 691 2320 tempora
713 2235 845 2310 dividis,

211 2343 261 2405 Ad
284 2343 375 2405 cuius
397 2343 506 2406 radios
529 2343 716 2427 noctivagus
740 2341 858 2404 chorus

211 2446 308 2513 vnn
330 2444 632 2529 straganensem
653 2443 785 2527 pallido,
845 2466 848 2471 ,
913 2428 916 2433 ’

211 2549 282 2645 Qua
305 2569 389 2610 nuno
409 2563 501 2629 parte
521 2548 589 2631 poli
610 2547 740 2610 luminis
762 2545 883 2610 arbiter

210 2653 411 2732 Interoeptus
433 2649 532 2711 abes?
554 2671 636 2734 quae
657 2648 801 2713 tenebris
822 2647 896 2714 via?

144 2759 194 2812 310
212 2751 292 2842 Quis
315 2752 419 2836 surgit
439 2751 547 2814 medio
568 2768 687 2834 vesper
710 2754 749 2814 ab
771 2749 928 2814 aetherei

211 2855 359 2917 Nondum
379 2870 412 2918 te
434 2854 541 2936 Tyriis
563 2854 667 2917 navita
689 2853 832 2918 Gadibus

211 2956 406 3020 Stridentem
427 2955 600 3038 Hesperiis
622 2953 772 3019 fluetibus
792 2952 911 3019 audiit:

210 3061 281 3120 Non
301 3058 394 3121 coelo
416 3057 528 3119 rutilas
550 3057 706 3142 surripuit
727 3077 833 3121 comas

209 3158 317 3221 Nubes
339 3157 519 3222 imbriferis
540 3159 627 3223 foeta
647 3158 851 3227 madoribus:
896 3218 920 3229 ,.

144 3271 194 3324 315
211 3265 284 3325 Non
306 3261 505 3344 interpositis
527 3265 616 3327 Luna
638 3261 797 3348 iugalibus

211 3418 416 3435 ἡ*

273 3515 313 3568 V.
334 3519 392 3570 304.
418 3514 533 3568 Chorus
551 3522 664 3568 constat
681 3523 777 3568 metro
793 3508 984 3583 asclepiadeo
1000 3492 1107 3586 primo.

279 3603 318 3659 V.
336 3607 396 3667 att.
416 3602 509 3659 Gades
526 3603 598 3659 urbs
614 3603 778 3675 Hispaniae,
799 3601 914 3658 colonia
931 3603 1101 3675 Tyriorum.
