2356 4282
33 446 59 529 0
432 455 573 516 Prrsrn

106 630 162 695 Sis
181 640 272 712 poeta
291 640 430 691 temeres
451 625 541 688 iura?
585 625 641 690 Sie
663 645 776 690 verum
797 623 910 688 abnuis

106 732 205 796 Coelo
228 730 427 794 tremendum
448 730 572 814 pariter
593 743 626 791 et
646 727 744 790 terris
766 727 895 789 Deum?

108 835 175 932 Qui
195 849 282 897 certa
303 849 382 896 nutu
404 831 511 894 sidera
534 833 665 894 immoto
688 830 795 915 regit?

57 928 88 982 ⁶⁵
109 937 170 999 Cni
193 936 293 999 servit
314 933 429 998 orbis?
452 933 542 995 cuins
564 933 704 1015 imperio
726 953 827 1016 vagos

107 1041 238 1103 Fluctus
261 1050 414 1101 coercent
435 1034 544 1107 moria,
573 1048 634 1096 stat
654 1035 743 1097 nullo
765 1036 860 1097 obice

108 1145 239 1205 Immota
262 1139 383 1219 Thetys
404 1135 526 1200 tumida
548 1138 743 1200 convolvens
762 1136 868 1199 freta?

107 1244 194 1306 Huic
214 1255 301 1303 mute
321 1237 470 1323 praefers
491 1238 591 1322 signa,
618 1260 699 1323 quae
720 1239 794 1300 fuso
816 1239 933 1302 artifex

109 1341 267 1408 Conssavit
285 1361 373 1413 soro,
399 1341 490 1403 silice
511 1342 562 1403 vel
585 1342 697 1403 scabra
719 1340 902 1423 exprimens

59 1446 92 1499 ⁷⁰
111 1447 254 1530 Supplex
274 1443 419 1519 tetendit,
446 1465 507 1528 qus
529 1443 625 1507 modo
648 1442 785 1515 effinxit,
806 1444 958 1505 manum?

110 1546 212 1640 Queis
229 1545 311 1607 lueis
333 1565 450 1627 expers
472 1546 593 1620 oculus,
619 1558 651 1606 et
671 1546 793 1627 patulas
814 1566 910 1607 sonus

108 1646 331 1732 Nequidquam
352 1646 387 1707 in
407 1667 501 1708 sures
521 1645 676 1720 funditur,
702 1646 790 1709 nullo
812 1645 913 1728 pedes

110 1751 234 1812 Gressu
255 1748 391 1822 cientur,
413 1746 520 1832 rigida
542 1748 589 1808 nil
610 1749 717 1831 palpat
737 1770 857 1823 manus,

109 1852 301 1934 Clamorque
325 1851 431 1913 nullus
452 1850 599 1913 faucibus
621 1849 718 1913 vastis
738 1849 844 1911 meat?

60 1956 125 2016 ut
146 1973 242 2028 nuno,
268 1965 300 2014 et
322 1951 384 2014 alte
405 1952 557 2015 coelitum
580 1950 657 2013 sede
680 1951 800 2013 sdvocs

114 2057 239 2140 Agmen
259 2052 442 2137 profanum.
486 2053 604 2118 Veniat
623 2052 745 2115 excitus
766 2052 842 2114 Bsal

109 2155 328 2240 Pavidumque
350 2154 500 2218 referens
523 2154 625 2237 turpis
648 2157 776 2216 Astarte
798 2175 909 2238 pecus.

109 2258 175 2321 Cur
194 2270 268 2322 vota
290 2254 440 2319 cessant?
484 2254 694 2318 Commodum
714 2256 819 2318 illuxit
840 2256 920 2330 dies,

110 2362 226 2444 Optata
247 2380 310 2444 qno
332 2378 367 2419 se
389 2355 530 2418 numinis
551 2356 652 2419 virtus
672 2357 801 2440 probet.

59 2456 92 2509 ⁸⁰
109 2465 162 2524 An
183 2462 269 2523 nulle
290 2461 411 2522 inertes
434 2473 506 2522 vota
527 2458 700 2521 sollicitent
721 2457 821 2521 deos?

110 2564 193 2628 Satis
213 2562 277 2625 hoo
299 2582 460 2646 superque
481 2561 582 2623 rebus
603 2561 728 2643 experti
750 2560 885 2643 asperis,

110 2664 199 2761 Quid
222 2685 301 2727 vanu
322 2664 448 2748 possint
468 2661 633 2725 monstra?
654 2665 734 2725 Cum
752 2677 917 2746 premeret
937 2663 1036 2745 Syrus

110 2767 270 2852 Lothiqne
291 2781 366 2851 post
388 2766 474 2828 huno
495 2764 595 2849 stirpe
618 2780 752 2850 cognata
774 2778 858 2827 satus

117 2942 318 2956 m

178 3077 213 3131 V·
233 3078 274 3131 76.
289 3074 386 3138 Boni,
404 3074 465 3142 Bal,
483 3074 535 3130 Bel
560 3073 718 3144 (dominus)
742 3092 884 3130 summum
901 3075 1039 3131 Ghsldre·

111 3176 206 3227 orum,
232 3158 470 3232 sarmatorum,
499 3161 678 3217 Phoenicum
709 3171 738 3216 et
760 3161 1040 3235 Carthaginiensium

110 3262 227 3312 numen,
245 3243 306 3299 sol.
325 3245 473 3301 Astarte
498 3245 552 3301 dea
568 3246 652 3318 Syra,
678 3247 758 3301 ouius
787 3247 881 3319 figura
908 3259 958 3302 sut
973 3266 1037 3303 cor·

111 3341 181 3387 nuto
198 3341 262 3386 erut
282 3334 328 3399 (ut
344 3333 439 3392 Luna)
458 3340 508 3386 aut
526 3331 555 3385 in
572 3331 681 3403 piscem
698 3329 826 3386 desinens
831 3350 841 3402 3
861 3349 952 3407 quere
969 3333 1038 3406 Syri

113 3417 172 3472 eius
191 3417 320 3473 cultores
335 3417 462 3491 piscibus
479 3415 671 3475 abstinebunt.

179 3505 214 3560 V.
235 3509 276 3562 82.
294 3504 403 3575 Syrus
429 3520 468 3561 so.
491 3503 604 3559 Ghussn
622 3502 782 3559 nausiam
807 3522 859 3560 rex
875 3506 1041 3578 Mesopota·

111 3587 186 3644 mise
196 3605 206 3658 3
226 3587 263 3650 of.
284 3589 347 3646 Iud.
370 3595 396 3655 ³,
414 3594 441 3646 8.
