2356 4282
525 452 668 527 Statura.

430 630 547 693 Aetna
574 629 751 704 orlarios·

351 790 451 857 Habet·
470 793 603 844 Glaucus.
639 790 723 842 latet
741 798 823 840 nom.

130 929 212 1001 flat.
236 928 272 992 Si
291 943 562 1014 tempusunquam
575 928 681 1001 triete,
709 921 894 997 luctificum,
910 941 1056 1007 asperum

126 1034 308 1117 Nostraque
330 1029 461 1115 dignum
484 1045 589 1115 gente,
605 1028 747 1112 dignum
770 1024 846 1087 odio
868 1023 930 1087 fuit

126 1133 224 1197 laesi
245 1131 420 1212 Tonantia3
436 1132 473 1207 ¹si
493 1154 554 1217 qua
576 1144 759 1215 pertaesum
778 1126 849 1189 dies

127 1234 223 1302 Vitae
243 1226 335 1317 priua
356 1234 524 1318 conspexit
547 1248 580 1296 et
601 1230 752 1315 cupidum
773 1227 875 1308 mori3

89 1337 106 1390 ⁵
129 1340 223 1401 Haec
244 1337 314 1421 ipsa
336 1334 462 1399 demum
486 1335 599 1397 illuxit.
646 1337 675 1400 Ο
699 1334 816 1397 Divum
838 1345 954 1416 potent

130 1437 381 1522 Hominumque,
408 1436 485 1521 quid
506 1458 590 1501 nunc
604 1437 707 1499 lentus
722 1449 754 1498 et
770 1433 873 1498 nostri
888 1433 1058 1496 immemor

126 1539 302 1602 Barbarica
323 1540 444 1624 pateris
466 1554 593 1623 sceptra
615 1540 757 1624 captivas
776 1526 882 1600 tribus

126 1642 296 1726 Atroxque
320 1641 442 1704 domini
464 1642 554 1704 serre
575 1641 744 1726 peregrini
768 1639 899 1725 iugum?

126 1745 304 1809 Meruimua
326 1744 403 1824 ista3
427 1745 546 1808 fateor:
569 1743 656 1808 haud
676 1760 798 1808 temere
819 1757 891 1806 tuus

80 1859 109 1911 10
130 1848 167 1906 ln
189 1866 247 1908 nos
269 1845 362 1929 furor
384 1842 526 1910 desaevit
546 1861 578 1909 et
600 1867 702 1927 nouae
723 1866 819 1930 pares

127 1949 253 2011 Poenas
274 1948 426 2031 reposcit.
473 1947 538 2010 Sed
559 1947 722 2032 quidhoc
743 1947 813 2031 ipso
830 1935 929 2009 'Deua

126 2048 179 2111 Ab
200 2049 292 2112 hoste
314 2049 454 2112 meruit?
476 2051 647 2147 Quaelibet
668 2072 728 2134 per
747 2065 779 2113 te
801 2052 894 2136 exige

129 2151 311 2235 Supplicia:
335 2171 393 2215 cur
415 2164 446 2215 te
467 2150 521 2213 bic
543 2166 673 2235 spernat
694 2166 726 2215 et
748 2152 836 2216 vinci
859 2151 1033 2235 exprobret

126 2250 328 2338 Tumidaque
348 2252 460 2314 inanes
484 2274 562 2316 voce
584 2252 786 2317 commendet
807 2253 908 2317 deos?

80 2372 104 2424 15
126 2355 204 2416 Hoc
227 2354 350 2418 scelere
373 2368 485 2423 nostro
506 2354 631 2418 levius?
654 2359 726 2420 Huc
744 2357 853 2431 iacula,
875 2350 937 2421 huo
954 2356 1056 2441 minas

126 2457 286 2546 Converte
307 2459 424 2543 potius,
447 2479 508 2542 qua
532 2473 618 2522 tunm
640 2459 743 2521 nullus
765 2473 864 2538 vocat,
1033 2436 1037 2449 Ι

125 2558 341 2643 Celebratque
364 2580 490 2620 nomen.
513 2561 631 2623 Pereat
654 2558 768 2622 infelix
787 2560 865 2624 Baal

125 2659 295 2749 Baalisque
318 2661 442 2743 cultor3
465 2676 560 2749 gente
584 2660 700 2724 dilecta
723 2661 868 2727 abstine..

125 2765 174 2824 'I'o
197 2785 257 2847 per
277 2765 393 2828 Taraei
415 2766 533 2829 nomen
550 2765 698 2849 ¹obtestor
722 2767 833 2850 patris,

80 2866 108 2924 2⁰
124 2865 287 2953 Carasque
309 2888 418 2931 manea
440 2869 531 2953 isaei,
555 2869 700 2952 etprole
723 2869 874 2951 inclytum
939 2938 942 2943 ,

125 2967 426 3047 Pulcralsraelem,
448 2990 571 3057 perque
593 2970 766 3056 legiferum
791 2960 916 3050 dubem,

125 3070 214 3133 Paeti
236 3087 396 3139 memento
417 3072 545 3139 veteris.
593 3074 748 3157 Enulocta
770 3089 855 3149 satus

193 3327 230 3381 V.
252 3331 363 3384 1-133.
381 3325 480 3382 Habea·
494 3342 615 3382 auorum
632 3327 759 3382 misertas
776 3327 921 3403 deplorat,
941 3331 1055 3410 albique

128 3411 211 3466 etiarn
229 3411 331 3469 timet'a
348 3413 455 3468 animat
466 3431 535 3469 eum
546 3431 632 3479 uxor,
651 3424 681 3468 et
692 3414 816 3470 meliora
828 3432 948 3490 sperare
966 3421 1054 3477 iubet.

196 3508 232 3562 V.
255 3514 296 3565 19.
315 3507 451 3573 Taraai
477 3508 596 3580 patrie
621 3509 650 3566 b.
673 3525 698 3565 a.
717 3509 885 3582 Abraham,
909 3514 990 3571 euin·
1006 3532 1054 3591 pa.

131 3599 176 3646 tur
197 3603 259 3647 erat
271 3592 381 3681 lbere.
403 3593 449 3653 cf.
467 3594 537 3652 Gen.
557 3603 598 3661 11,
616 3602 657 3654 tt.
