2356 4282
410 433 690 497 'Soauommms
986 423 1052 499 23⁵

126 602 326 688 Animusque
352 602 416 665 diri
437 602 591 666 facinoris
612 600 754 665 nondum
774 600 956 676 immemor.

57 715 109 768 150
126 705 219 768 Adeo
240 706 368 788 stupori
388 705 521 770 tradidit
539 726 590 767 me
612 704 809 779 exterritum,

126 812 166 870 Ut
186 809 287 872 verba
308 823 381 891 post
401 830 466 870 non
490 809 595 880 multa,
619 828 701 891 quae
724 806 777 868 vix
795 804 916 881 exaudi,

126 910 216 973 Nihil
239 911 391 973 valuerim
414 926 560 993 tempora
581 910 616 970 in
637 923 722 972 tanto
745 908 846 993 loqui.

127 1015 217 1073 Nune
239 1025 269 1074 te
291 1032 471 1094 precamur,
494 1011 549 1072 ille
573 1032 668 1094 quem
688 1011 838 1093 inprimis
859 1025 951 1087 amat,

129 1113 230 1175 Unius
251 1113 335 1175 uteri
357 1134 501 1196 germen,
525 1113 694 1189 insontem,
717 1115 873 1195 probumt

61 1232 109 1283 155
129 1217 220 1277 lllum
241 1215 416 1299 propitium
439 1215 594 1278 fratribus
614 1230 752 1298 praesta,
774 1229 808 1278 et
827 1215 917 1297 pium

129 1320 298 1381 Placamen
321 1333 408 1396 est03
433 1332 465 1379 te
488 1317 543 1379 ille
566 1318 757 1400 respiciens,
777 1317 838 1379 tibi

130 1423 265 1495 Favens,
287 1420 411 1504 peracti
434 1418 495 1480 fida
517 1418 605 1482 bibat
624 1419 752 1483 oblivia.

129 1527 211 1588 Rub.
234 1524 325 1620 Quae
346 1521 445 1584 verba
466 1521 559 1584 ludas
581 1522 671 1598 dixit,
700 1544 736 1586 ea
757 1522 856 1587 crede
879 1522 1045 1612 omnium.¹

132 1627 166 1688 si
188 1624 266 1710 quid
286 1624 345 1686 tibi
366 1645 502 1708 uuquam
524 1622 662 1686 fecimus
682 1624 802 1689 fratres
822 1624 912 1701 boui,

66 1743 117 1796 160
132 1727 168 1788 ld
189 1746 273 1789 nune
295 1725 456 1808 repende:
478 1748 593 1788 munus
614 1726 678 1789 hoe
700 1725 795 1809 facile
819 1741 869 1790 est
891 1724 975 1815 tibi,¹

134 1835 345 1914 Magnumque
366 1829 480 1908 nobis3
504 1828 543 1889 da
567 1828 654 1913 quod
679 1844 844 1895 aeternum
865 1829 976 1919 iuvet¹

133 1931 330 2008 Miminisse3
355 1931 401 1991 sic
422 1945 453 1992 te
475 1929 581 1994 videat
603 1916 773 1994 incolumis
795 1945 897 2017 pater.
1001 1992 1006 2001 ,
1029 1996 1032 2001 ,

132 2039 271 2128 Beatum
282 2034 369 2096 Nihil
382 2049 428 2096 est
442 2056 532 2117 opus,
543 2055 602 2097 ceu
612 2032 724 2098 video:
740 2028 946 2101 s'ednnstrem
954 2050 1059 2101 tamen

133 2137 323 2200 Desiderari
345 2135 499 2199 fratribus
521 2136 604 2198 caris
625 2158 720 2221 opem

66 2257 116 2311 165
133 2243 206 2301 Non
226 2237 345 2321 patiare
367 2239 409 2299 ita
431 2259 481 2300 me
504 2236 640 2301 instituit
661 2238 829 2309 abeuntem
849 2255 951 2324 pater.

135 2341 270 2415 Onate,
293 2341 398 2403 nullos
416 2340 543 2403 oderis:
568 2340 625 2403 sed
647 2363 734 2405 ames
757 2356 862 2406 tamen

135 2446 274 2519 Summe,
297 2445 472 2528 inquiebat,
495 2444 648 2528 sanguine
670 2443 833 2508 advinctus
855 2445 926 2508 tibi.

133 2550 203 2609 Hos
227 2561 261 2609 ut
281 2546 422 2608 retineas
444 2545 505 2620 fae,
532 2567 593 2608 nec
616 2543 736 2609 officiis
760 2544 865 2623 modo,

135 2649 199 2711 Sed
221 2664 253 2712 et
274 2645 423 2710 ferendo.
468 2650 604 2710 Patruus
626 2649 697 2712 talis
719 2649 781 2711 fuit

67 2771 117 2824 170
134 2752 237 2814 Lotho
260 2751 475 2814 Abrahamus:
499 2751 618 2836 quippe
641 2773 737 2836 quem
759 2765 885 2838 captum
904 2764 939 2817 ut
960 2749 1034 2817 iero

134 2855 298 2916 Eximeret
321 2853 416 2927 hosti,
442 2854 568 2935 praelio
589 2853 712 2917 obiecit
733 2870 838 2936 eaput,-

133 2959 174 3017 Et
195 2957 296 3040 spolia
321 2978 433 3041 regum
454 2969 602 3040 quattuor
623 2956 732 3019 retulit
755 2956 901 3021 domum:
1002 3012 1016 3041 ,-
1038 3012 1051 3027 ,,

133 3059 302 3144 Litemque
324 3059 452 3145 fugiens
475 3057 596 3134 finium,
617 3071 684 3121 toto
705 3059 820 3141 procul
1021 3040 1026 3051 ¹

135 3161 217 3225 Ortu
239 3161 353 3224 relicto
376 3161 472 3244 petiit
492 3159 661 3223 occiduum
682 3161 776 3223 latus.

66 3283 114 3336 175
136 3265 188 3326 Sic
211 3266 375 3327 Ismaelem
396 3276 508 3327 ventre
532 3260 643 3323 servili
666 3278 767 3325 satum

136 3365 205 3427 Sibi
227 3388 357 3451 gravem
379 3364 539 3449 patienter
560 3366 667 3426 Isaeus
689 3364 769 3427 tulit.

134 3470 174 3530 Ut
195 3487 245 3531 me
267 3488 395 3552 quoque
417 3465 541 3541 addam,
565 3486 636 3529 eum
658 3479 748 3529 truce
771 3466 903 3552 ingenio
924 3467 1032 3533 minax

134 3568 245 3652 lugula
266 3569 451 3635 immineret
471 3570 574 3634 frater
593 3571 717 3633 Esavus
736 3590 828 3645 mee,
