2356 4282
141 438 183 506 30
531 439 671 503 Parma

211 606 349 670 Servitia
369 607 484 669 renuit.
531 611 598 669 Nec
621 627 710 669 suum
733 605 766 668 in
787 619 912 689 tempus
932 603 1029 669 ferox

209 707 392 773 Differetur
413 711 554 771 animus:
579 728 769 793 praecocem
792 709 826 768 in
848 727 907 769 nos
927 707 1086 790 impetum

141 821 192 877 395
210 813 335 875 lamiam
356 812 462 873 minax
482 814 623 874 intentat
667 813 709 872 Et
728 823 876 893 coeptum
899 808 1031 892 quidem

208 916 313 978 Porro
336 937 411 977 ausa
432 914 556 976 facinus
575 927 701 997 pergat.
744 915 817 974 Huc
840 911 906 976 voti
928 925 1034 995 caput,

208 1020 362 1102 Extrema!
380 1017 468 1101 regis
491 1015 619 1079 odiant
641 1016 674 1076 in
696 1036 768 1078 sese
789 1014 900 1091 trahet,
1053 1016 1133 1095 [feru

209 1124 295 1183 Dare
313 1133 424 1183 cuncta
439 1139 567 1201 pessum
575 1133 608 1181 ut
617 1117 733 1181 iubeat.
749 1119 841 1180 Mad
857 1121 927 1180 Hac
941 1140 1072 1183 rursum
1091 1118 1131 1180 ef-

209 1222 304 1316 Quod
318 1236 407 1304 partc
423 1235 553 1284 metuas.
570 1221 636 1284 Sis.
653 1219 762 1319 Quid?
783 1221 875 1283 Mad.
899 1221 997 1318 Quod
1014 1223 1132 1285 incerta

139 1326 193 1380 380
212 1324 354 1408 Ambage
376 1323 485 1388 nectit.
528 1323 657 1420 Quippe
680 1322 821 1386 fatidicis
841 1325 928 1387 Invia
1043 1323 1130 1403 [deus

209 1427 250 1488 Ut
273 1425 376 1487 iussus
398 1425 499 1506 adytis
522 1426 699 1509 supplicem
721 1424 847 1488 admovi
869 1423 987 1509 pedem

210 1526 380 1590 Manifesta
404 1527 500 1590 sortis
523 1527 612 1611 signa
635 1541 787 1591 venturae
808 1541 932 1611 petens,

209 1631 276 1692 Una
299 1643 331 1691 et
352 1629 503 1693 sacerdus
526 1630 650 1692 aderat:
673 1632 835 1713 extemplo
857 1631 944 1695 cavis

192 1733 280 1799 3ch
303 1732 357 1793 illa
377 1732 510 1796 latebris
533 1732 643 1811 missa3
668 1734 852 1796 meminisse
874 1733 1008 1796 horreo.

141 1841 189 1894 385
207 1834 299 1897 Bella
313 1834 572 1898 acriChananaei
587 1858 682 1919 paras
700 1857 771 1898 cum
784 1850 890 1920 gente.
913 1837 1126 1911 Cavendaest

200 1937 263 1999 'Sic
286 1936 391 2012 iubeo,
417 1938 479 1999 iam
501 1959 592 2020 passa
613 1938 723 2022 iugum
744 1938 902 2023 sortisque
928 1939 1074 2004 iuvenca.

208 2040 318 2102 Altera
341 2039 399 2102 sed
419 2039 588 2103 metuenda
609 2041 720 2126 magis,
746 2062 826 2125 quae
841 2041 934 2124 priva
959 2063 1129 2125 pererrans

208 2144 329 2206 Pascua
351 2144 391 2206 ab
413 2159 559 2206 armento
583 2164 653 2206 sese
675 2165 746 2207 cum
770 2165 919 2228 compare
941 2144 1063 2209 dudum

209 2247 378 2331 segregat:
402 2245 459 2308 has
481 2246 510 2308 si
532 2261 566 2308 tu
587 2247 748 2322 vitaveris,
773 2247 902 2331 auspice
924 2247 1039 2312 vinces

139 2357 190 2412 ³90
206 2351 375 2412 Hebraeos
396 2348 493 2414 Baale
514 2363 546 2411 et
570 2350 682 2433 regnis
702 2351 828 2432 potiere
850 2350 972 2434 petitis.
1065 2384 1071 2399 ι

205 2450 1130 2546 SisaQuaenumillapestisgeminaiMud.Nifallurliquet‚

210 2554 367 2638 Ambigua
389 2553 539 2639 quidnam
561 2552 623 2615 fata
646 2569 814 2618 venturum
835 2569 955 2638 tegant.

207 2655 275 2720 Sis.
296 2655 441 2742 Ecquid?
461 2655 554 2718 Mad.
571 2657 694 2719 Cerere
706 2675 887 2740 comparem
900 2656 993 2721 iussit
1003 2656 1127 2731 boren,

208 2760 298 2856 Quae
319 2759 412 2844 priva
434 2759 592 2822 oberrans
614 2779 730 2841 pascua
752 2776 895 2823 armento
915 2760 1025 2846 fugit·

138 2872 187 2926 ³95
208 2863 476 2927 Passim‘relicto.
520 2863 587 2926 Sta.
611 2864 699 2958 Quas
718 2863 799 2924 mihi
819 2863 951 2928 iusidias
972 2866 1085 2929 canis?

208 2967 299 3030 Mad
322 2965 463 3029 Haberis
483 2987 566 3029 uxor
585 2980 661 3030 nuta
683 2965 794 3028 Cinaei
817 2966 912 3030 lahel.

208 3135 412 3148 *-

275 3227 312 3284 V.
331 3233 457 3286 385-90.
476 3226 649 3284 Hexametri.

276 3333 311 3389 V.
335 3337 395 3389 396.
419 3323 480 3388 lud.
508 3338 534 3398 t,
557 3338 600 3387 11.
627 3330 726 3386 Haber
751 3341 848 3386 autern
867 3329 986 3387 Cinseus
1003 3348 1129 3388 recesse-

207 3426 255 3471 rat
283 3416 432 3489 qucndam
454 3434 471 3471 a
496 3417 598 3472 ceteris
617 3416 729 3472 Cinneis
754 3416 893 3472 fratribus
916 3417 975 3471 suis
994 3418 1062 3474 filiis
1079 3421 1130 3472 Ho-

209 3501 266 3557 bab
286 3504 397 3576 cognati
413 3505 524 3583 Moysi:
557 3515 586 3563 et
602 3503 760 3579 tetenderat
776 3504 962 3579 tabernacula
983 3523 1078 3579 usque
1096 3502 1130 3559 ad

208 3590 322 3654 vallem,
341 3606 416 3663 quae
433 3601 556 3646 vocatur
575 3591 704 3660 Sennim,
724 3600 752 3646 ct
770 3601 834 3647 eret
850 3590 929 3647 iusta
947 3590 1055 3654 Cedes.
