2356 4282
134 412 177 482 88
490 415 701 476 Manteunnu

200 583 379 645 Damnabat
399 603 485 643 arma
507 602 620 663 nuper,
644 603 722 643 auro
743 601 828 645 nuno
850 583 958 668 gnavis

201 686 384 769 spoliisque
408 700 537 747 onustus
559 686 665 768 gestit,
688 699 721 747 et
740 685 877 768 geminis
900 685 1016 749 lubens

150 796 182 847 55
200 788 343 870 Ignoscit
364 787 471 849 annisa
494 786 613 870 gnatius
634 806 749 868 magno
770 788 890 848 honum
912 801 963 850 est

202 888 433 984 Quodcumque
457 875 589 961 constat,
612 888 717 968 pretia
739 886 941 949 commendat
962 888 1064 952 iabou.

202 990 266 1053 Sed
288 990 365 1074 quid
386 1004 528 1052 moratur
552 990 645 1051 miles
662 991 725 1052 huc
747 1010 859 1072 regem
880 990 960 1051 mihi

200 1093 395 1156 Pertrahere
418 1091 581 1156 vinctum?
603 1093 686 1155 salva
710 1092 738 1152 si
760 1106 888 1154 nostros
910 1091 996 1176 sugit

200 1197 290 1257 Haec
312 1192 432 1277 praeda
453 1212 568 1267 casses,
592 1215 657 1255 non
678 1193 754 1255 satis
773 1193 871 1255 victas
894 1213 973 1255 reor

149 1306 182 1359 6⁰
200 1297 281 1358 Mihi
304 1317 374 1358 esse
400 1296 558 1375 Solymus:
582 1310 748 1357 contumax
770 1309 879 1357 notum
903 1310 953 1358 est
972 1311 1076 1380 caput,

200 1400 275 1460 Noti
297 1398 455 1476 rebelles3
481 1419 592 1458 rursus
614 1396 768 1459 indomita
789 1411 904 1479 parent

200 1502 335 1562 Cervice
356 1500 494 1562 bellumt
518 1499 624 1582 plebis
645 1499 809 1581 ingenium
826 1499 916 1561 ferae

201 1602 260 1667 Vel
283 1599 358 1661 inde
382 1600 480 1676 disce,
505 1600 620 1662 liberis
643 1601 742 1662 saturi
764 1603 829 1662 suis

199 1705 337 1787 Fugiunt
357 1718 523 1785 parentest
546 1704 617 1787 quis
639 1724 738 1786 vagus
759 1703 880 1786 campis
904 1705 996 1779 Geta,

149 1813 180 1866 tt
199 1804 281 1900 Quis
302 1804 487 1884 inhospitali
510 1807 660 1879 Caucaso,
686 1817 738 1868 aut
758 1804 874 1866 mediis
897 1818 981 1866 satus

200 1905 348 1987 Scythiae
369 1905 496 1987 pruinis
518 1919 579 1967 tam
599 1906 704 1967 ferum
726 1907 830 1989 potuit
849 1904 964 1967 nefas?

197 2010 241 2070 At
263 2028 356 2092 quem
378 2010 474 2071 citato
498 2008 594 2073 video
616 2011 827 2092 praecipitem
850 2008 975 2092 gradu?

198 2110 294 2173 Libet
316 2112 364 2172 ine
386 2126 506 2173 contra.
551 2112 654 2190 Fare3
680 2132 743 2194 quo
766 2132 820 2173 res
842 2126 891 2173 est
910 2111 1007 2174 loco?

93 2226 96 2231 ’
197 2213 284 2277 Nun.
304 2215 380 2274 Dux
401 2235 514 2297 magne
538 2215 637 2280 salve!
661 2215 746 2276 salva
767 2235 830 2290 res,
858 2214 943 2277 salva
965 2216 1079 2288 anania.

148 2315 181 2368 ⁷⁰
198 2316 279 2380 Nob.
295 2320 365 2377 Rex
378 2337 457 2399 ergo
471 2316 603 2397 captus?
623 2318 710 2379 Nun.
724 2319 851 2399 Captus.
868 2319 950 2380 Nat.
967 2319 998 2382 Ο
1010 2319 1114 2381 laetum

199 2419 293 2490 Vivo,
317 2417 497 2499 triumph03
525 2417 582 2479 scd
605 2419 655 2480 rei
678 2433 785 2501 gestae
808 2441 847 2481 ex
868 2418 933 2481 fide
1008 2417 1114 2505 [diemi

200 2519 325 2580 Seriem
339 2539 486 2580 recense.
512 2520 600 2583 Nun.
621 2521 705 2580 Dum
720 2519 822 2583 feram
839 2521 916 2582 hinc
933 2523 1024 2587 illinc
1038 2522 1115 2605 tagis

198 2623 361 2687 Venamur
381 2621 494 2694 oeulis,
516 2621 601 2682 forte
623 2621 759 2685 decusso
781 2624 886 2686 orbita

199 2726 312 2787 Notata
333 2744 409 2784 rore
432 2737 489 2797 cst,
516 2744 577 2806 qua
597 2723 717 2806 pedum
738 2726 884 2810 vestigiis

151 2834 183 2885 75
200 2825 328 2886 Iamiam
352 2825 512 2887 subactam
534 2847 666 2909 gramen
689 2827 805 2890 attollit
826 2849 969 2909 comam;

197 2927 284 2986 Dum
306 2926 443 2987 serimus
464 2926 540 2987 illuc
563 2940 594 2987 et
615 2926 701 2990 datas
722 2928 864 3011 praedae
888 2945 981 3003 notas,

200 3026 507 3110 Sequimuranheli,
531 3029 631 3090 sensit
651 3029 821 3094 adveutum
842 3031 935 3114 prior

197 3131 268 3192 Rex
289 3129 359 3211 ipse
378 3145 540 3211 nostrum3
566 3131 667 3194 sensit
689 3147 722 3194 et
741 3134 862 3199 vultum
885 3133 988 3207 simul,

199 3232 300 3294 Simul
321 3253 407 3293 arma
427 3230 571 3295 flectens.
596 3234 704 3296 Sistite
727 3256 746 3296 o
769 3235 850 3298 socii
870 3235 989 3320 fugam,

146 3338 180 3390 80
199 3338 370 3407 Tenemur,
395 3334 516 3419 inquit;
540 3357 605 3398 non
627 3335 720 3398 decet
741 3351 834 3420 tergo
855 3337 943 3401 viros

265 3565 298 3620 V·
319 3567 360 3618 at.
380 3563 469 3618 Getae
486 3565 613 3637 populus
630 3565 771 3620 Thraciae
789 3575 818 3620 et
833 3567 950 3623 Daciae.
