2356 4282
519 457 661 522 stsaxt.

123 651 283 733 Dispersa
305 645 425 732 eampis
448 667 583 731 saxaque
606 660 638 709 et
660 648 761 728 sylvas
785 649 863 710 laris

83 788 91 799 =
125 756 222 835 Inops
245 749 374 835 cibique
398 749 555 833 complet3
580 762 688 812 exusta
712 763 760 811 est
781 770 874 834 seges

126 857 167 916 Et
190 852 298 916 adusta
321 849 459 936 {lagrant
481 871 566 913 arva.
612 853 669 912 Ier.
694 852 781 949 Quin
802 853 890 915 vires
912 850 1003 918 dedit

124 960 232 1041 Ipsum
252 956 315 1018 hoo
336 953 497 1038 dabitque,
528 952 616 1039 quod
635 955 717 1017 nihil
739 954 826 1040 genti
850 971 898 1019 est
922 977 1028 1041 super,

54 1068 109 1139 190
127 1058 187 1122 Cui
208 1071 325 1120 metuat
348 1071 401 1120 aut
421 1056 608 1139 culparent.
630 1055 697 1119 Sis.
723 1057 765 1118 At
777 1056 917 1119 nondum
933 1058 1052 1142 periit3

127 1163 169 1221 Et
190 1158 252 1222 hoc
274 1156 379 1220 furori
401 1170 507 1219 restat.
551 1159 610 1218 Iar.
634 1160 671 1218 In
693 1157 829 1222 miseros
852 1159 948 1222 nimis

127 1261 195 1359 Qui
218 1261 328 1336 saevit,
353 1272 461 1321 armat.
509 1257 574 1322 Sis.
605 1261 652 1321 No
675 1259 752 1343 quid
775 1260 891 1324 exinde
914 1263 1049 1348 ingruat,

127 1364 268 1428 Obstare
291 1362 387 1425 facile
411 1375 467 1425 est.
516 1363 611 1428 Vasta
637 1360 781 1426 disiectis
803 1361 884 1426 dabo

126 1467 300 1529 Moenibus
322 1480 353 1528 et
374 1479 446 1528 ante
467 1462 624 1549 quidquid
646 1465 796 1528 intactum
819 1487 937 1529 eruam.

55 1573 190 1638 1951er.
212 1568 266 1631 sio
291 1569 376 1630 nulla
398 1589 459 1651 per
481 1581 527 1630 tot
547 1568 688 1650 praemia
710 1589 876 1632 aerumnas
898 1568 1003 1653 petis?

126 1673 195 1735 Sis.
218 1670 348 1732 Servire
365 1668 499 1732 discent.
525 1672 583 1731 Ier.
608 1671 731 1753 Nempe
748 1691 828 1755 quos
841 1672 945 1734 nullos
961 1672 1053 1736 iubes

127 1776 218 1849 Esse,
241 1787 275 1834 ut
296 1772 341 1834 tui
363 1772 434 1833 sint.
478 1772 545 1834 Sis.
570 1774 675 1839 Vacua
696 1773 818 1836 sublato
841 1774 963 1839 advena

126 1880 239 1960 Regna
262 1873 421 1938 obtinebit
443 1872 534 1939 dives
557 1895 712 1938 exercens
734 1877 835 1939 solum

127 1984 260 2043 Nostrae
282 1979 424 2040 colonus.
468 1982 527 2041 ler.
550 1979 644 2039 Nilne
667 1993 697 2041 te
721 1980 826 2063 gentis
848 1993 954 2042 movet

54 2099 110 2151 200
128 2081 293 2146 Terribile
315 2082 455 2144 numen?
497 2083 563 2145 Sis.
589 2082 686 2145 Cuius
708 2082 828 2166 infregi
849 2082 950 2145 minas

129 2185 304 2270 Roburque
328 2183 460 2248 domui?
503 2187 562 2247 Ier.
588 2185 683 2249 Cuius
705 2185 843 2248 infrenis
864 2208 992 2251 manum

127 2288 248 2355 Niliaca
270 2289 422 2350 monstris
444 2288 573 2352 horruit
593 2290 688 2352 tellus
710 2287 839 2352 decem:

130 2393 208 2454 Cum
230 2393 314 2453 iussa
335 2390 468 2476 liquidis
492 2392 595 2474 turpis
617 2391 749 2453 emersit
770 2390 860 2455 vadis

130 2495 330 2579 camposque
352 2494 432 2557 texit
452 2514 547 2574 rana3
571 2513 642 2556 oum
664 2493 799 2556 infestus
820 2493 930 2578 oynips

57 2608 109 2660 205
129 2598 169 2659 Et
191 2595 301 2658 avidus
323 2596 384 2660 isto
405 2597 539 2680 pulvere
561 2595 681 2659 exsiliit
703 2595 813 2675 eule13

130 2701 208 2762 Cum
231 2712 336 2781 strage
358 2697 443 2763 fudit
463 2719 582 2783 peoora
605 2711 637 2759 et
659 2696 784 2758 infusus
808 2696 890 2760 einis

128 2799 303 2866 Horrenda
325 2801 442 2885 sparsit
463 2800 586 2877 uleera3
611 2797 738 2880 excepit
757 2818 857 2861 vorax

128 2907 274 2968 Locusta.
319 2900 407 2994 Quid
428 2902 481 2964 vel
502 2915 610 2986 stagna
631 2899 802 2983 sanguinea
823 2899 937 2984 loquar

129 3004 251 3066 Infecta
272 3002 366 3067 tabe?
389 3024 530 3088 quasque
552 3004 602 3067 vel
623 3022 737 3086 posses
757 3022 851 3063 manu

61 3123 112 3176 210
129 3106 263 3190 Palpare
284 3104 457 3169 tenebras?
478 3105 571 3189 prole
594 3104 672 3188 quid
693 3102 820 3167 tandem
842 3101 955 3166 domos

132 3208 267 3270 Seniore
290 3206 430 3271 vacuas?
473 3207 529 3268 llle
553 3205 692 3268 diductis
714 3204 833 3268 fretum

131 3309 291 3374 Patefecit
312 3308 423 3388 undis3
446 3307 500 3370 ille
524 3328 646 3369 mersas
668 3304 819 3369 fluctibus

200 3535 238 3590 V.
262 3536 319 3595 tet.
337 3498 438 3584 liaris
458 3529 563 3600 inops
582 3527 609 3580 h.
630 3543 655 3582 e.
675 3525 734 3580 sine
752 3523 848 3581 tectis.

200 3620 236 3676 V.
256 3622 314 3674 204.
336 3615 470 3688 Cynips
490 3614 592 3686 (lphis)
610 3628 708 3667 musca
727 3610 835 3667 canina.
