<?xml version="1.0" encoding="UTF-8"?>
<!DOCTYPE html PUBLIC "-//W3C//DTD XHTML 1.0 Transitional//EN"
    "http://www.w3.org/TR/xhtml1/DTD/xhtml1-transitional.dtd">
<html xmlns="http://www.w3.org/1999/xhtml" xml:lang="en" lang="en">
 <head>
  <title>
</title>
<meta http-equiv="Content-Type" content="text/html;charset=utf-8" />
  <meta name='ocr-system' content='tesseract 3.04.00' />
  <meta name='ocr-capabilities' content='ocr_page ocr_carea ocr_par ocr_line ocrx_word'/>
</head>
<body>
  <div class='ocr_page' id='page_1' title='image "./tragoediaeselec00malagoog_0209.png"; bbox 0 0 2356 4282; ppageno 0'>
   <div class='ocr_carea' id='block_1_1' title="bbox 109 468 626 544">
    <p class='ocr_par' dir='ltr' id='par_1_1' title="bbox 109 468 626 544">
     <span class='ocr_line' id='line_1_1' title="bbox 109 468 626 544; baseline -0.01 -8"><span class='ocrx_word' id='word_1_1' title='bbox 109 471 171 536; x_wconf 79' lang='lat'>200</span> <span class='ocrx_word' id='word_1_2' title='bbox 505 468 626 544; x_wconf 76' lang='lat' dir='ltr'>Gaorn</span> 
     </span>
    </p>
   </div>
   <div class='ocr_carea' id='block_1_2' title="bbox 109 637 1085 3662">
    <p class='ocr_par' dir='ltr' id='par_1_2' title="bbox 109 637 1085 3662">
     <span class='ocr_line' id='line_1_2' title="bbox 176 637 854 723; baseline 0.003 -24"><span class='ocrx_word' id='word_1_3' title='bbox 176 638 308 699; x_wconf 70' lang='lat' dir='ltr'>Mentitus</span> <span class='ocrx_word' id='word_1_4' title='bbox 329 637 441 700; x_wconf 88' lang='lat' dir='ltr'>culmis</span> <span class='ocrx_word' id='word_1_5' title='bbox 461 637 555 722; x_wconf 81' lang='lat' dir='ltr'>fruge</span> <span class='ocrx_word' id='word_1_6' title='bbox 580 639 727 702; x_wconf 85' lang='lat' dir='ltr'>carituris</span> <span class='ocrx_word' id='word_1_7' title='bbox 750 655 854 723; x_wconf 77' lang='lat' dir='ltr'>seges,</span> 
     </span>
     <span class='ocr_line' id='line_1_3' title="bbox 125 735 863 822; baseline 0.001 -23"><span class='ocrx_word' id='word_1_8' title='bbox 125 735 158 792; x_wconf 80' lang='grc'>70</span> <span class='ocrx_word' id='word_1_9' title='bbox 174 737 397 801; x_wconf 88' lang='lat' dir='ltr'>Periculosum</span> <span class='ocrx_word' id='word_1_10' title='bbox 419 759 549 822; x_wconf 87' lang='lat' dir='ltr'>semper</span> <span class='ocrx_word' id='word_1_11' title='bbox 568 740 715 822; x_wconf 90' lang='lat' dir='ltr'>imperiis</span> <span class='ocrx_word' id='word_1_12' title='bbox 736 741 863 803; x_wconf 87' lang='lat' dir='ltr'>malum.</span> 
     </span>
     <span class='ocr_line' id='line_1_4' title="bbox 173 840 943 926; baseline 0.001 -23"><span class='ocrx_word' id='word_1_13' title='bbox 173 840 329 904; x_wconf 84' lang='lat' dir='ltr'>Retinere</span> <span class='ocrx_word' id='word_1_14' title='bbox 352 841 471 925; x_wconf 86' lang='lat' dir='ltr'>quippe</span> <span class='ocrx_word' id='word_1_15' title='bbox 493 840 597 904; x_wconf 85' lang='lat' dir='ltr'>nescit</span> <span class='ocrx_word' id='word_1_16' title='bbox 618 842 809 926; x_wconf 79' lang='lat' dir='ltr'>obsequium</span> <span class='ocrx_word' id='word_1_17' title='bbox 830 842 943 916; x_wconf 84' lang='lat' dir='ltr'>fames,</span> 
     </span>
     <span class='ocr_line' id='line_1_5' title="bbox 172 940 928 1026; baseline 0 -24"><span class='ocrx_word' id='word_1_18' title='bbox 172 941 347 1025; x_wconf 87' lang='lat' dir='ltr'>Nullusque</span> <span class='ocrx_word' id='word_1_19' title='bbox 370 940 468 1004; x_wconf 81' lang='lat' dir='ltr'>sentit</span> <span class='ocrx_word' id='word_1_20' title='bbox 489 943 602 1026; x_wconf 84' lang='lat' dir='ltr'>vulgus</span> <span class='ocrx_word' id='word_1_21' title='bbox 624 943 791 1025; x_wconf 88' lang='lat' dir='ltr'>impastum</span> <span class='ocrx_word' id='word_1_22' title='bbox 813 956 928 1005; x_wconf 88' lang='lat' dir='ltr'>metus.</span> 
     </span>
     <span class='ocr_line' id='line_1_6' title="bbox 172 1044 818 1128; baseline 0.003 -24"><span class='ocrx_word' id='word_1_23' title='bbox 172 1046 295 1104; x_wconf 86' lang='lat' dir='ltr'>Rerum</span> <span class='ocrx_word' id='word_1_24' title='bbox 314 1045 442 1126; x_wconf 90' lang='lat' dir='ltr'>parenti</span> <span class='ocrx_word' id='word_1_25' title='bbox 462 1044 599 1107; x_wconf 86' lang='lat' dir='ltr'>maximo</span> <span class='ocrx_word' id='word_1_26' title='bbox 620 1059 727 1128; x_wconf 80' lang='lat' dir='ltr'>grates</span> <span class='ocrx_word' id='word_1_27' title='bbox 748 1065 818 1128; x_wconf 84' lang='lat' dir='ltr'>ago,</span> 
     </span>
     <span class='ocr_line' id='line_1_7' title="bbox 172 1142 1048 1229; baseline 0.002 -24"><span class='ocrx_word' id='word_1_28' title='bbox 172 1142 361 1228; x_wconf 89' lang='lat' dir='ltr'>Laudesque</span> <span class='ocrx_word' id='word_1_29' title='bbox 383 1166 528 1215; x_wconf 79' lang='lat' dir='ltr'>summas,</span> <span class='ocrx_word' id='word_1_30' title='bbox 555 1145 641 1229; x_wconf 91' lang='lat' dir='ltr'>quod</span> <span class='ocrx_word' id='word_1_31' title='bbox 661 1145 761 1207; x_wconf 89' lang='lat' dir='ltr'>Phari</span> <span class='ocrx_word' id='word_1_32' title='bbox 779 1145 919 1228; x_wconf 81' lang='lat' dir='ltr'>trepidis</span> <span class='ocrx_word' id='word_1_33' title='bbox 941 1149 1048 1210; x_wconf 81' lang='lat' dir='ltr'>volens</span> 
     </span>
     <span class='ocr_line' id='line_1_8' title="bbox 121 1245 815 1314; baseline 0 -6"><span class='ocrx_word' id='word_1_34' title='bbox 121 1258 155 1314; x_wconf 81' lang='lat'>75</span> <span class='ocrx_word' id='word_1_35' title='bbox 173 1247 349 1308; x_wconf 88' lang='lat' dir='ltr'>Consulere</span> <span class='ocrx_word' id='word_1_36' title='bbox 374 1245 472 1309; x_wconf 88' lang='lat' dir='ltr'>rebus</span> <span class='ocrx_word' id='word_1_37' title='bbox 492 1267 543 1309; x_wconf 90' lang='lat' dir='ltr'>me</span> <span class='ocrx_word' id='word_1_38' title='bbox 564 1247 717 1309; x_wconf 88' lang='lat' dir='ltr'>voluntati</span> <span class='ocrx_word' id='word_1_39' title='bbox 740 1268 815 1308; x_wconf 85' lang='lat' dir='ltr'>suae</span> 
     </span>
     <span class='ocr_line' id='line_1_9' title="bbox 170 1347 927 1433; baseline 0.003 -24"><span class='ocrx_word' id='word_1_40' title='bbox 170 1349 267 1432; x_wconf 81' lang='lat' dir='ltr'>Legit</span> <span class='ocrx_word' id='word_1_41' title='bbox 287 1347 478 1422; x_wconf 89' lang='lat' dir='ltr'>ministrum,</span> <span class='ocrx_word' id='word_1_42' title='bbox 499 1348 626 1433; x_wconf 83' lang='lat' dir='ltr'>fataque</span> <span class='ocrx_word' id='word_1_43' title='bbox 649 1349 814 1431; x_wconf 85' lang='lat' dir='ltr'>inscripsit</span> <span class='ocrx_word' id='word_1_44' title='bbox 835 1370 927 1411; x_wconf 83' lang='lat' dir='ltr'>meae</span> 
     </span>
     <span class='ocr_line' id='line_1_10' title="bbox 171 1449 855 1533; baseline 0 -23"><span class='ocrx_word' id='word_1_45' title='bbox 171 1451 314 1517; x_wconf 78' lang='lat' dir='ltr'>Ventura</span> <span class='ocrx_word' id='word_1_46' title='bbox 335 1449 453 1530; x_wconf 69' lang='lat' dir='ltr'>menti,</span> <span class='ocrx_word' id='word_1_47' title='bbox 477 1464 590 1531; x_wconf 84' lang='lat' dir='ltr'>pensat</span> <span class='ocrx_word' id='word_1_48' title='bbox 612 1450 740 1512; x_wconf 85' lang='lat' dir='ltr'>ubertas</span> <span class='ocrx_word' id='word_1_49' title='bbox 762 1451 855 1533; x_wconf 89' lang='lat' dir='ltr'>prior</span> 
     </span>
     <span class='ocr_line' id='line_1_11' title="bbox 171 1550 1085 1647; baseline 0.007 -35"><span class='ocrx_word' id='word_1_50' title='bbox 171 1550 267 1647; x_wconf 77' lang='lat' dir='ltr'>Quod</span> <span class='ocrx_word' id='word_1_51' title='bbox 288 1550 387 1626; x_wconf 88' lang='lat' dir='ltr'>deest,</span> <span class='ocrx_word' id='word_1_52' title='bbox 414 1564 445 1613; x_wconf 92' lang='lat' dir='ltr'>et</span> <span class='ocrx_word' id='word_1_53' title='bbox 467 1573 566 1613; x_wconf 87' lang='lat' dir='ltr'>annos</span> <span class='ocrx_word' id='word_1_54' title='bbox 588 1551 676 1634; x_wconf 82' lang='lat' dir='ltr'>larga</span> <span class='ocrx_word' id='word_1_55' title='bbox 696 1570 780 1614; x_wconf 89' lang='lat' dir='ltr'>nunc</span> <span class='ocrx_word' id='word_1_56' title='bbox 802 1552 931 1615; x_wconf 88' lang='lat' dir='ltr'>steriles</span> <span class='ocrx_word' id='word_1_57' title='bbox 953 1555 1017 1617; x_wconf 84' lang='lat' dir='ltr'>alit.</span> <span class='ocrx_word' id='word_1_58' title='bbox 1081 1587 1085 1595; x_wconf 94' lang='lat'>·</span> 
     </span>
     <span class='ocr_line' id='line_1_12' title="bbox 169 1655 874 1740; baseline 0.004 -24"><span class='ocrx_word' id='word_1_59' title='bbox 169 1659 238 1718; x_wconf 88' lang='lat' dir='ltr'>Nec</span> <span class='ocrx_word' id='word_1_60' title='bbox 259 1674 392 1717; x_wconf 87' lang='lat' dir='ltr'>munere</span> <span class='ocrx_word' id='word_1_61' title='bbox 415 1677 477 1716; x_wconf 90' lang='lat' dir='ltr'>una</span> <span class='ocrx_word' id='word_1_62' title='bbox 497 1655 577 1718; x_wconf 81' lang='lat' dir='ltr'>vivit</span> <span class='ocrx_word' id='word_1_63' title='bbox 598 1657 763 1740; x_wconf 80' lang='lat' dir='ltr'>Aegyptus</span> <span class='ocrx_word' id='word_1_64' title='bbox 784 1675 874 1719; x_wconf 79' lang='lat' dir='ltr'>meos</span> 
     </span>
     <span class='ocr_line' id='line_1_13' title="bbox 119 1757 924 1841; baseline 0.002 -23"><span class='ocrx_word' id='word_1_65' title='bbox 119 1773 152 1824; x_wconf 79' lang='lat' dir='ltr'>ao</span> <span class='ocrx_word' id='word_1_66' title='bbox 168 1758 212 1818; x_wconf 91' lang='lat' dir='ltr'>Et</span> <span class='ocrx_word' id='word_1_67' title='bbox 231 1757 321 1838; x_wconf 86' lang='lat' dir='ltr'>Syria</span> <span class='ocrx_word' id='word_1_68' title='bbox 341 1771 482 1820; x_wconf 90' lang='lat' dir='ltr'>nostram</span> <span class='ocrx_word' id='word_1_69' title='bbox 503 1758 642 1839; x_wconf 85' lang='lat' dir='ltr'>postulat</span> <span class='ocrx_word' id='word_1_70' title='bbox 664 1759 797 1840; x_wconf 87' lang='lat' dir='ltr'>supplex</span> <span class='ocrx_word' id='word_1_71' title='bbox 818 1776 924 1841; x_wconf 88' lang='lat' dir='ltr'>opem.</span> 
     </span>
     <span class='ocr_line' id='line_1_14' title="bbox 169 1857 965 1938; baseline 0.005 -19"><span class='ocrx_word' id='word_1_72' title='bbox 169 1861 261 1921; x_wconf 86' lang='lat' dir='ltr'>Hanc</span> <span class='ocrx_word' id='word_1_73' title='bbox 283 1874 422 1920; x_wconf 82' lang='lat' dir='ltr'>summus</span> <span class='ocrx_word' id='word_1_74' title='bbox 443 1858 534 1923; x_wconf 87' lang='lat' dir='ltr'>orbis</span> <span class='ocrx_word' id='word_1_75' title='bbox 557 1857 704 1920; x_wconf 90' lang='lat' dir='ltr'>dominus</span> <span class='ocrx_word' id='word_1_76' title='bbox 726 1859 850 1924; x_wconf 84' lang='lat' dir='ltr'>invenit</span> <span class='ocrx_word' id='word_1_77' title='bbox 870 1861 965 1938; x_wconf 83' lang='lat' dir='ltr'>viam,</span> 
     </span>
     <span class='ocr_line' id='line_1_15' title="bbox 168 1959 859 2024; baseline 0.001 -2"><span class='ocrx_word' id='word_1_78' title='bbox 168 1960 277 2022; x_wconf 86' lang='lat' dir='ltr'>Missis</span> <span class='ocrx_word' id='word_1_79' title='bbox 299 1975 333 2022; x_wconf 91' lang='lat' dir='ltr'>ut</span> <span class='ocrx_word' id='word_1_80' title='bbox 355 1962 433 2024; x_wconf 89' lang='lat' dir='ltr'>olim</span> <span class='ocrx_word' id='word_1_81' title='bbox 455 1960 587 2023; x_wconf 90' lang='lat' dir='ltr'>somniis</span> <span class='ocrx_word' id='word_1_82' title='bbox 609 1959 732 2022; x_wconf 85' lang='lat' dir='ltr'>faceret</span> <span class='ocrx_word' id='word_1_83' title='bbox 752 1959 859 2023; x_wconf 86' lang='lat' dir='ltr'>fidem.</span> 
     </span>
     <span class='ocr_line' id='line_1_16' title="bbox 167 2060 876 2145; baseline 0.004 -23"><span class='ocrx_word' id='word_1_84' title='bbox 167 2061 225 2122; x_wconf 90' lang='lat' dir='ltr'>Bis</span> <span class='ocrx_word' id='word_1_85' title='bbox 247 2061 329 2125; x_wconf 86' lang='lat' dir='ltr'>fame</span> <span class='ocrx_word' id='word_1_86' title='bbox 353 2062 476 2124; x_wconf 89' lang='lat' dir='ltr'>subacti</span> <span class='ocrx_word' id='word_1_87' title='bbox 499 2081 601 2145; x_wconf 81' lang='lat' dir='ltr'>genua</span> <span class='ocrx_word' id='word_1_88' title='bbox 622 2060 661 2122; x_wconf 88' lang='lat' dir='ltr'>ad</span> <span class='ocrx_word' id='word_1_89' title='bbox 682 2061 784 2145; x_wconf 82' lang='lat' dir='ltr'>ignoti</span> <span class='ocrx_word' id='word_1_90' title='bbox 807 2083 876 2125; x_wconf 88' lang='lat' dir='ltr'>mea</span> 
     </span>
     <span class='ocr_line' id='line_1_17' title="bbox 167 2162 935 2246; baseline 0.001 -20"><span class='ocrx_word' id='word_1_91' title='bbox 167 2162 325 2226; x_wconf 86' lang='lat' dir='ltr'>Cecidere</span> <span class='ocrx_word' id='word_1_92' title='bbox 345 2163 482 2226; x_wconf 83' lang='lat' dir='ltr'>fratres:</span> <span class='ocrx_word' id='word_1_93' title='bbox 508 2163 577 2245; x_wconf 90' lang='lat' dir='ltr'>ipse</span> <span class='ocrx_word' id='word_1_94' title='bbox 600 2162 799 2224; x_wconf 84' lang='lat' dir='ltr'>miserandas</span> <span class='ocrx_word' id='word_1_95' title='bbox 817 2184 935 2246; x_wconf 87' lang='lat' dir='ltr'>preces</span> 
     </span>
     <span class='ocr_line' id='line_1_18' title="bbox 115 2263 917 2348; baseline 0.001 -22"><span class='ocrx_word' id='word_1_96' title='bbox 115 2282 149 2333; x_wconf 79' lang='lat'>85</span> <span class='ocrx_word' id='word_1_97' title='bbox 167 2264 225 2326; x_wconf 90' lang='lat' dir='ltr'>Bis</span> <span class='ocrx_word' id='word_1_98' title='bbox 247 2263 327 2326; x_wconf 90' lang='lat' dir='ltr'>mihi</span> <span class='ocrx_word' id='word_1_99' title='bbox 345 2286 405 2348; x_wconf 88' lang='lat' dir='ltr'>per</span> <span class='ocrx_word' id='word_1_100' title='bbox 426 2264 499 2326; x_wconf 92' lang='lat' dir='ltr'>illos</span> <span class='ocrx_word' id='word_1_101' title='bbox 521 2263 650 2347; x_wconf 78' lang='lat' dir='ltr'>genitor</span> <span class='ocrx_word' id='word_1_102' title='bbox 672 2263 787 2346; x_wconf 83' lang='lat' dir='ltr'>allegat</span> <span class='ocrx_word' id='word_1_103' title='bbox 808 2285 917 2341; x_wconf 87' lang='lat' dir='ltr'>senex,</span> 
     </span>
     <span class='ocr_line' id='line_1_19' title="bbox 166 2364 920 2450; baseline 0.001 -23"><span class='ocrx_word' id='word_1_104' title='bbox 166 2368 207 2428; x_wconf 89' lang='lat' dir='ltr'>Et</span> <span class='ocrx_word' id='word_1_105' title='bbox 228 2369 316 2450; x_wconf 86' lang='lat' dir='ltr'>quae¹</span> <span class='ocrx_word' id='word_1_106' title='bbox 328 2366 472 2448; x_wconf 87' lang='lat' dir='ltr'>parentis</span> <span class='ocrx_word' id='word_1_107' title='bbox 494 2364 606 2449; x_wconf 88' lang='lat' dir='ltr'>implet</span> <span class='ocrx_word' id='word_1_108' title='bbox 627 2366 784 2428; x_wconf 85' lang='lat' dir='ltr'>extinctae</span> <span class='ocrx_word' id='word_1_109' title='bbox 805 2367 920 2428; x_wconf 82' lang='lat' dir='ltr'>vicem.</span> 
     </span>
     <span class='ocr_line' id='line_1_20' title="bbox 165 2466 879 2550; baseline 0 -22"><span class='ocrx_word' id='word_1_110' title='bbox 165 2470 235 2550; x_wconf 80' lang='lat' dir='ltr'>Ego</span> <span class='ocrx_word' id='word_1_111' title='bbox 256 2466 336 2527; x_wconf 91' lang='lat' dir='ltr'>illud</span> <span class='ocrx_word' id='word_1_112' title='bbox 360 2482 488 2541; x_wconf 86' lang='lat' dir='ltr'>astrum,</span> <span class='ocrx_word' id='word_1_113' title='bbox 512 2468 602 2528; x_wconf 90' lang='lat' dir='ltr'>cuius</span> <span class='ocrx_word' id='word_1_114' title='bbox 624 2480 765 2528; x_wconf 87' lang='lat' dir='ltr'>auratum</span> <span class='ocrx_word' id='word_1_115' title='bbox 785 2467 879 2528; x_wconf 87' lang='lat' dir='ltr'>iubar</span> 
     </span>
     <span class='ocr_line' id='line_1_21' title="bbox 164 2566 962 2653; baseline 0.008 -24"><span class='ocrx_word' id='word_1_116' title='bbox 164 2566 293 2646; x_wconf 85' lang='lat' dir='ltr'>Hyades</span> <span class='ocrx_word' id='word_1_117' title='bbox 314 2582 497 2653; x_wconf 85' lang='lat' dir='ltr'>quaternae,</span> <span class='ocrx_word' id='word_1_118' title='bbox 519 2566 668 2629; x_wconf 84' lang='lat' dir='ltr'>Pleiades</span> <span class='ocrx_word' id='word_1_119' title='bbox 690 2581 813 2650; x_wconf 89' lang='lat' dir='ltr'>septem</span> <span class='ocrx_word' id='word_1_120' title='bbox 835 2569 962 2634; x_wconf 87' lang='lat' dir='ltr'>colunt:</span> 
     </span>
     <span class='ocr_line' id='line_1_22' title="bbox 163 2669 884 2752; baseline 0.004 -23"><span class='ocrx_word' id='word_1_121' title='bbox 163 2670 299 2732; x_wconf 81' lang='lat' dir='ltr'>Inclinat</span> <span class='ocrx_word' id='word_1_122' title='bbox 318 2684 351 2732; x_wconf 89' lang='lat' dir='ltr'>et</span> <span class='ocrx_word' id='word_1_123' title='bbox 371 2671 423 2732; x_wconf 89' lang='lat' dir='ltr'>cui</span> <span class='ocrx_word' id='word_1_124' title='bbox 443 2673 532 2730; x_wconf 90' lang='lat' dir='ltr'>Luna</span> <span class='ocrx_word' id='word_1_125' title='bbox 553 2669 760 2752; x_wconf 82' lang='lat' dir='ltr'>cornigerum</span> <span class='ocrx_word' id='word_1_126' title='bbox 782 2684 884 2752; x_wconf 86' lang='lat' dir='ltr'>eaput,</span> 
     </span>
     <span class='ocr_line' id='line_1_23' title="bbox 112 2769 829 2855; baseline 0.003 -25"><span class='ocrx_word' id='word_1_127' title='bbox 112 2792 146 2844; x_wconf 73' lang='lat'>90</span> <span class='ocrx_word' id='word_1_128' title='bbox 165 2770 321 2855; x_wconf 88' lang='lat' dir='ltr'>Titanquc</span> <span class='ocrx_word' id='word_1_129' title='bbox 343 2771 452 2834; x_wconf 90' lang='lat' dir='ltr'>radios</span> <span class='ocrx_word' id='word_1_130' title='bbox 473 2771 544 2852; x_wconf 89' lang='lat' dir='ltr'>ipse</span> <span class='ocrx_word' id='word_1_131' title='bbox 566 2769 722 2832; x_wconf 88' lang='lat' dir='ltr'>submittit</span> <span class='ocrx_word' id='word_1_132' title='bbox 743 2791 829 2833; x_wconf 89' lang='lat' dir='ltr'>suos.</span> 
     </span>
     <span class='ocr_line' id='line_1_24' title="bbox 164 2870 989 2955; baseline 0.008 -23"><span class='ocrx_word' id='word_1_133' title='bbox 164 2874 246 2955; x_wconf 80' lang='lat' dir='ltr'>Ego,</span> <span class='ocrx_word' id='word_1_134' title='bbox 269 2873 318 2934; x_wconf 89' lang='lat' dir='ltr'>ira</span> <span class='ocrx_word' id='word_1_135' title='bbox 339 2872 474 2934; x_wconf 83' lang='lat' dir='ltr'>fratrum</span> <span class='ocrx_word' id='word_1_136' title='bbox 495 2871 575 2932; x_wconf 89' lang='lat' dir='ltr'>mihi</span> <span class='ocrx_word' id='word_1_137' title='bbox 598 2871 685 2954; x_wconf 91' lang='lat' dir='ltr'>quod</span> <span class='ocrx_word' id='word_1_138' title='bbox 704 2870 842 2934; x_wconf 88' lang='lat' dir='ltr'>intendit</span> <span class='ocrx_word' id='word_1_139' title='bbox 861 2893 989 2952; x_wconf 87' lang='lat' dir='ltr'>necem,</span> 
     </span>
     <span class='ocr_line' id='line_1_25' title="bbox 163 2971 1048 3057; baseline 0.003 -22"><span class='ocrx_word' id='word_1_140' title='bbox 163 2978 280 3057; x_wconf 83' lang='lat' dir='ltr'>Meque</span> <span class='ocrx_word' id='word_1_141' title='bbox 302 2974 354 3037; x_wconf 87' lang='lat' dir='ltr'>illa</span> <span class='ocrx_word' id='word_1_142' title='bbox 376 2993 519 3035; x_wconf 88' lang='lat' dir='ltr'>mercem</span> <span class='ocrx_word' id='word_1_143' title='bbox 541 2973 629 3047; x_wconf 88' lang='lat' dir='ltr'>feeit,</span> <span class='ocrx_word' id='word_1_144' title='bbox 655 2987 687 3034; x_wconf 90' lang='lat' dir='ltr'>et</span> <span class='ocrx_word' id='word_1_145' title='bbox 709 2971 822 3034; x_wconf 89' lang='lat' dir='ltr'>duram</span> <span class='ocrx_word' id='word_1_146' title='bbox 843 2972 936 3038; x_wconf 87' lang='lat' dir='ltr'>dedit</span> <span class='ocrx_word' id='word_1_147' title='bbox 1014 2984 1048 3056; x_wconf 53' lang='lat' dir='ltr'>’j</span> 
     </span>
     <span class='ocr_line' id='line_1_26' title="bbox 162 3072 864 3150; baseline -0.001 -15"><span class='ocrx_word' id='word_1_148' title='bbox 162 3078 198 3135; x_wconf 89' lang='lat' dir='ltr'>ln</span> <span class='ocrx_word' id='word_1_149' title='bbox 221 3077 420 3150; x_wconf 84' lang='lat' dir='ltr'>servitutem,</span> <span class='ocrx_word' id='word_1_150' title='bbox 443 3074 539 3137; x_wconf 87' lang='lat' dir='ltr'>deleo</span> <span class='ocrx_word' id='word_1_151' title='bbox 561 3073 727 3136; x_wconf 86' lang='lat' dir='ltr'>exanimo</span> <span class='ocrx_word' id='word_1_152' title='bbox 749 3072 864 3148; x_wconf 84' lang='lat' dir='ltr'>omnia,</span> 
     </span>
     <span class='ocr_line' id='line_1_27' title="bbox 161 3176 806 3258; baseline 0 -21"><span class='ocrx_word' id='word_1_153' title='bbox 161 3176 214 3237; x_wconf 89' lang='lat' dir='ltr'>Ad</span> <span class='ocrx_word' id='word_1_154' title='bbox 234 3177 398 3240; x_wconf 90' lang='lat' dir='ltr'>lenitatem</span> <span class='ocrx_word' id='word_1_155' title='bbox 418 3191 521 3253; x_wconf 88' lang='lat' dir='ltr'>natus,</span> <span class='ocrx_word' id='word_1_156' title='bbox 544 3200 562 3238; x_wconf 91' lang='lat' dir='ltr'>a</span> <span class='ocrx_word' id='word_1_157' title='bbox 584 3190 693 3238; x_wconf 90' lang='lat' dir='ltr'>saneto</span> <span class='ocrx_word' id='word_1_158' title='bbox 715 3189 806 3258; x_wconf 85' lang='lat' dir='ltr'>patre</span> 
     </span>
     <span class='ocr_line' id='line_1_28' title="bbox 109 3275 860 3353; baseline -0.001 -15"><span class='ocrx_word' id='word_1_159' title='bbox 109 3302 142 3353; x_wconf 77' lang='lat'>95</span> <span class='ocrx_word' id='word_1_160' title='bbox 161 3277 213 3339; x_wconf 82' lang='lat' dir='ltr'>Ad</span> <span class='ocrx_word' id='word_1_161' title='bbox 236 3299 306 3340; x_wconf 91' lang='lat' dir='ltr'>eam</span> <span class='ocrx_word' id='word_1_162' title='bbox 325 3277 499 3353; x_wconf 91' lang='lat' dir='ltr'>institutus,</span> <span class='ocrx_word' id='word_1_163' title='bbox 525 3292 557 3340; x_wconf 89' lang='lat' dir='ltr'>et</span> <span class='ocrx_word' id='word_1_164' title='bbox 578 3277 670 3339; x_wconf 88' lang='lat' dir='ltr'>malis</span> <span class='ocrx_word' id='word_1_165' title='bbox 690 3275 860 3338; x_wconf 85' lang='lat' dir='ltr'>exereitus.</span> 
     </span>
     <span class='ocr_line' id='line_1_29' title="bbox 162 3376 908 3465; baseline 0.001 -25"><span class='ocrx_word' id='word_1_166' title='bbox 162 3379 236 3456; x_wconf 90' lang='lat' dir='ltr'>Sed,</span> <span class='ocrx_word' id='word_1_167' title='bbox 262 3401 302 3442; x_wconf 93' lang='lat' dir='ltr'>ne</span> <span class='ocrx_word' id='word_1_168' title='bbox 325 3380 412 3465; x_wconf 91' lang='lat' dir='ltr'>quod</span> <span class='ocrx_word' id='word_1_169' title='bbox 433 3379 497 3441; x_wconf 92' lang='lat' dir='ltr'>illis</span> <span class='ocrx_word' id='word_1_170' title='bbox 520 3377 629 3441; x_wconf 86' lang='lat' dir='ltr'>sedeat</span> <span class='ocrx_word' id='word_1_171' title='bbox 650 3378 684 3439; x_wconf 89' lang='lat' dir='ltr'>iu</span> <span class='ocrx_word' id='word_1_172' title='bbox 704 3376 908 3461; x_wconf 87' lang='lat' dir='ltr'>praecordiis</span> 
     </span>
     <span class='ocr_line' id='line_1_30' title="bbox 161 3480 825 3566; baseline -0.003 -23"><span class='ocrx_word' id='word_1_173' title='bbox 161 3482 243 3544; x_wconf 84' lang='lat' dir='ltr'>Male</span> <span class='ocrx_word' id='word_1_174' title='bbox 265 3483 424 3566; x_wconf 85' lang='lat' dir='ltr'>expiatum</span> <span class='ocrx_word' id='word_1_175' title='bbox 446 3481 534 3545; x_wconf 86' lang='lat' dir='ltr'>virus</span> <span class='ocrx_word' id='word_1_176' title='bbox 556 3480 719 3566; x_wconf 88' lang='lat' dir='ltr'>antiquum</span> <span class='ocrx_word' id='word_1_177' title='bbox 741 3481 825 3555; x_wconf 91' lang='lat' dir='ltr'>mali,</span> 
     </span>
     <span class='ocr_line' id='line_1_31' title="bbox 160 3582 845 3662; baseline 0.001 -19"><span class='ocrx_word' id='word_1_178' title='bbox 160 3583 217 3645; x_wconf 89' lang='lat' dir='ltr'>Pia</span> <span class='ocrx_word' id='word_1_179' title='bbox 240 3602 316 3646; x_wconf 90' lang='lat' dir='ltr'>eura</span> <span class='ocrx_word' id='word_1_180' title='bbox 337 3603 387 3647; x_wconf 88' lang='lat' dir='ltr'>ma</span> <span class='ocrx_word' id='word_1_181' title='bbox 410 3582 594 3662; x_wconf 84' lang='lat' dir='ltr'>remordet3</span> <span class='ocrx_word' id='word_1_182' title='bbox 617 3582 681 3646; x_wconf 89' lang='lat' dir='ltr'>huc</span> <span class='ocrx_word' id='word_1_183' title='bbox 704 3583 845 3647; x_wconf 90' lang='lat' dir='ltr'>sollertia</span> 
     </span>
    </p>
   </div>
   <div class='ocr_carea' id='block_1_3' title="bbox 0 0 1182 4282">
    <p class='ocr_par' dir='ltr' id='par_1_3' title="bbox 0 0 1182 4282">
     <span class='ocr_line' id='line_1_32' title="bbox 0 0 1182 4282; baseline 0 0"><span class='ocrx_word' id='word_1_184' title='bbox 0 0 1182 4282; x_wconf 95' lang='lat' dir='ltr'> </span> 
     </span>
    </p>
   </div>
  </div>
 </body>
</html>
