2356 4282
143 484 206 554 178
542 483 663 546 Gaoru

208 657 302 716 Mens
324 649 455 734 plebis?
476 652 597 736 Ecquis
619 653 725 714 vultus
747 663 901 714 astantum
921 648 1003 730 fuit3

209 755 309 820 Nunt.
331 757 385 817 ult.
406 757 557 817 Lamenta
576 752 655 816 fletu
674 755 770 816 mixta
791 753 957 817 foemineo
980 766 1103 816 sonant

211 862 293 920 Tum
315 856 416 941 siquis
435 856 498 938 ipsi
519 870 612 918 notus
635 869 668 919 et
689 857 774 920 vitae
796 875 905 918 comes

142 963 246 1022 2351n
267 973 370 1022 morte
393 958 545 1034 adhaesit,
571 959 707 1043 ingemit
727 959 872 1020 tenebris
894 957 960 1033 diu,

210 1063 349 1147 Piasque
372 1060 464 1123 coelo
486 1059 589 1123 tendit
610 1075 724 1144 erepto
745 1079 865 1135 manua,

211 1164 443 1259 Queriturque‚
469 1177 591 1224 tantum
612 1162 732 1225 facere·
745 1163 820 1225 dum
842 1162 933 1225 licuit
954 1161 1061 1237 nefas,

210 1267 368 1328 Mansisse
391 1265 513 1343 aciem3
538 1286 650 1348 magua
671 1286 733 1327 nec
754 1266 836 1327 vitae
860 1265 935 1328 satis

211 1368 281 1430 Sibi
304 1381 390 1430 certa
412 1367 506 1430 turba
529 1382 592 1429 est:
615 1388 755 1452 parsque
776 1389 822 1442 se,
847 1387 921 1449 para
946 1378 1114 1442 mortuum,

145 1478 195 1532 240
212 1474 292 1534 Pars
313 1470 402 1554 luget
424 1470 554 1548 orbem3
578 1469 697 1533 cecidit
716 1469 878 1532 Ausoniae
898 1468 995 1532 furor

213 1576 333 1638 Saevus
355 1586 518 1636 catervaea
539 1573 628 1655 pacis
650 1574 780 1657 ignarae
801 1592 913 1635 manua
981 1602 984 1607 ·

213 1679 368 1758 Torpent,
392 1689 425 1737 ct
444 1696 531 1738 arma
552 1674 678 1758 gelidus
699 1675 839 1737 excussit
857 1695 972 1756 pavor.

211 1777 286 1840 Dux
305 1779 377 1860 ipse
399 1792 526 1839 centum
548 1778 659 1840 solitus
681 1777 819 1861 imperio
839 1777 928 1840 viros

217 1881 372 1955 Freuare‚
400 1879 507 1962 iniqua
527 1879 612 1942 iurat
634 1880 807 1941 extinctum
828 1898 908 1940 nece

146 1991 196 2046 245
217 1986 336 2058 Heroa,
363 1983 453 2044 cuius
476 1983 544 2063 ipsa
565 2003 601 2044 ae
622 1983 716 2045 tellus
736 1996 834 2066 neget

214 2083 370 2145 Perierre
394 2104 514 2166 poenas
537 2083 673 2146 horrido
696 2098 784 2146 motu
805 2102 947 2167 gemens,

215 2184 320 2278 Quem
341 2186 412 2247 luce
434 2205 557 2247 cassum
579 2184 659 2247 lucia
681 2199 830 2247 aeternae
852 2184 929 2267 fuga

215 2287 411 2370 Caelumque
433 2306 583 2349 moerens
607 2300 749 2349 asserant
770 2287 855 2348 coeli
876 2306 990 2370 genua.

215 2390 308 2453 Char.
330 2389 412 2487 Quia
434 2389 494 2450 iste
517 2388 629 2450 turbae
652 2409 764 2451 cursus
785 2389 825 2450 ad
847 2389 945 2450 limen
968 2384 1114 2452 sacrum?

149 2504 199 2556 250
215 2493 295 2556 Nam
317 2512 410 2554 causa
431 2491 466 2552 in
488 2491 553 2552 illis
575 2492 739 2575 quaelibet
760 2491 850 2553 credi
872 2505 990 2574 potest,

215 2594 288 2656 Nisi
312 2593 378 2657 sola
398 2593 514 2675 pietas,
535 2592 629 2654 bisne
650 2606 713 2654 tam
735 2593 871 2675 impuris
893 2595 968 2657 Deo

214 2696 323 2758 Litare
333 2709 462 2778 sperant
470 2693 637 2756 manibus?
657 2695 1134 2772 Nuat.alt.Horrendum‚u0va

214 2797 369 2880 Prodigia
393 2811 425 2858 et
446 2797 527 2859 istuc
550 2799 664 2881 tulgus
686 2799 852 2861 attonitum
873 2797 1015 2862 trahunt.

216 2901 358 2982 Namque
379 2898 435 2962 iile
456 2898 600 2981 pendeus
620 2900 765 2963 trabibus
787 2902 903 2964 auratis
924 2915 1017 2987 tapes

148 3013 198 3067 255
216 3000 405 3082 Multiplicis
427 3001 517 3077 ostri,
545 3002 663 3064 scissus
685 3003 720 3063 iu
740 3017 848 3086 partes
870 3002 948 3067 duas

215 3103 315 3163 Totus
336 3103 490 3165 recessit:
511 3103 641 3185 prodita
663 3117 711 3166 est
731 3105 816 3167 sacri
837 3103 927 3183 fides,
1032 3134 1034 3139 ·

217 3206 424 3287 Vacuumque
446 3190 615 3268 Hebraeae
638 3206 742 3291 gentis
765 3227 913 3271 arcanum
924 3222 1033 3293 'patet

214 3306 334 3368 Fatalis
355 3306 408 3367 iila
429 3307 572 3391 gentium
594 3308 754 3392 quandam
773 3323 897 3373 tremui·

217 3408 344 3470 Sacrata
365 3409 450 3472 Masi
472 3410 560 3485 cista,
582 3409 634 3472 cui
655 3410 752 3473 denas
774 3410 882 3475 datum

142 3512 202 3580 ’τεο
215 3511 359 3574 Servare
380 3495 630 3596 iegea,.gemina
652 3534 746 3597 quam
767 3515 903 3579 volitans
925 3536 1027 3600 super
1062 3536 1066 3545 ·

215 3611 389 3696 Umbrabat
407 3615 484 3692 aies,
507 3634 666 3700 quemque
689 3615 850 3681 foecundo
871 3617 979 3681 cibum
