2356 4282
104 452 178 523 ³228
512 451 633 514 Gnorn

105 629 155 682 325
173 622 344 706 Diposuit3
368 621 423 683 illa
444 641 549 683 mersa
570 638 655 682 nunc
677 617 825 703 ealigine,
864 621 867 627 '

175 724 399 809 intelligentur
418 745 489 788 cum
511 722 608 786 fidem
628 722 727 785 societ
747 721 827 784 dies.

173 825 910 910 fflmffimmwmmmm

569 989 703 1058 Chorus.

171 1124 255 1198 Nile,
277 1145 333 1186 seu
355 1123 438 1186 Siris
459 1123 565 1207 potius
586 1122 724 1196 vocaris,

167 1227 247 1291 Sive
268 1241 300 1289 te
321 1227 425 1289 nostri
447 1226 561 1289 melius
588 1246 726 1310 perenes

105 1333 156 1389 ³30
172 1329 326 1412 Astapum
352 1328 473 1404 dicunt,
496 1350 573 1413 vaga
596 1329 686 1391 cuius
707 1325 793 1389 unda

172 1433 285 1497 Fontis
307 1433 418 1517 ignoto
439 1432 574 1495 venicus
596 1431 635 1494 ab
658 1445 740 1503 ortu,

172 1537 268 1602 Vasta
291 1557 352 1620 qua
374 1535 533 1619 squallent
554 1535 625 1596 loca
649 1554 684 1596 se
705 1530 883 1615 profundas

170 1636 274 1700 Abdit
295 1637 330 1698 in
351 1650 465 1711 terras,
485 1636 674 1719 hominique
695 1649 766 1697 nata

171 1739 295 1800 Rursus
318 1737 465 1822 emergit,
492 1738 681 1820 scopulique
704 1737 743 1798 ab
765 1736 819 1798 alti

103 1851 152 1904 335
171 1840 275 1921 Lapsa
296 1839 348 1900 bis
370 1859 445 1901 saxo
470 1839 611 1904 violenta
632 1859 776 1900 murmur

170 1943 267 2002 Iactat
285 1938 495 2014 horrendum,
518 1938 683 2024 hifidoque
704 1960 802 2002 cursu

169 2040 299 2105 Lambit
319 2041 498 2124 Aegyptum
520 2043 621 2105 lutere
644 2063 684 2104 ex
703 2058 852 2126 utroque,

170 2142 472 2206 Donec'immensis
493 2146 607 2227 procul
630 2146 759 2208 evoluta

169 2245 271 2310 Ostiis
290 2242 384 2307 findit
406 2266 494 2308 mare
502 2268 512 2326 3
536 2244 615 2330 quid
635 2245 805 2329 profabor,

100 2364 150 2418 sto
169 2347 283 2431 Virgo,
306 2346 474 2410 doctorum
495 2367 595 2432 grege
617 2347 807 2422 dissidente,

169 2449 271 2532 Saepe
296 2449 351 2532 qui
373 2450 479 2533 magni
501 2449 591 2512 ducis
614 2449 759 2514 advocati

168 2548 221 2610 Ad
244 2548 343 2633 dapes
366 2571 460 2611 aures
481 2550 620 2633 tetigere
642 2549 792 2616 nostras?

168 2651 256 2745 Quas
279 2650 339 2713 tibi
362 2651 465 2714 dicam
487 2652 636 2715 nocuisse
658 2673 778 2727 causas,

168 2753 265 2851 Quod
286 2753 426 2815 Pharum
449 2753 608 2837 qnondam
632 2756 743 2817 solitus
763 2755 883 2840 rigare,

99 2877 149 2930 345
168 2854 284 2918 lmbris
306 2868 341 2916 ut
361 2853 425 2917 fusi
446 2855 527 2916 nihil
550 2855 724 2940 indigeret,

167 2958 254 3019 Sirio
277 2956 420 3040 quamvis
441 2958 536 3019 toties
558 2973 689 3020 vocante

166 3059 309 3126 Vincere
331 3072 464 3121 octonos
486 3059 614 3122 cubitos
633 3058 790 3124 recusas?

168 3161 252 3223 Solis
274 3182 315 3222 an
335 3159 452 3222 iunctis
473 3163 608 3224 veniens
629 3162 668 3223 ab
691 3163 786 3224 astris

166 3265 204 3323 iu
223 3261 353 3326 modum
371 3264 475 3326 crevit
495 3265 583 3326 calor
605 3264 790 3337 auctiorem,

233 3423 268 3477 V.
293 3429 352 3479 327.
395 3424 509 3479 Chorus
532 3434 642 3479 constat
666 3423 798 3480 versibus
820 3421 983 3497 Sapphicis.
1019 3421 1093 3478 Siris

167 3506 272 3575 (Σῖρις)
290 3524 398 3563 nomen
413 3511 469 3574 Nili
485 3509 696 3582 Aethiopicum.
720 3511 843 3582 Astapus
864 3505 1030 3579 (Ἀστάπους,
1048 3512 1092 3579 ου)

166 3590 271 3646 flumen
288 3591 458 3667 Aethiopiae
477 3595 611 3666 (album),
629 3613 705 3651 nuno
722 3593 826 3654 Abiad.
