2356 4282
396 443 562 507 Cumsrus
583 444 741 507 Parrnrts.
964 440 1024 512 151

101 609 212 686 Sedes,
236 627 268 676 et
289 614 376 676 omni
398 629 485 677 sueta
507 615 625 677 sceleri
648 615 773 678 viscera

99 714 224 776 Eruere
245 715 349 778 lerro.
371 721 490 780 Testor
513 717 685 781 infaustum
707 737 830 790 nemus,

50 824 82 877 50
100 816 160 879 cui
179 818 339 881 luctuosas
363 819 511 882 Christus
533 819 646 882 effudit
665 838 792 902 preces,

103 919 277 1016 Quaesisse
299 920 440 997 caedem,
466 921 583 986 mixtus
604 937 639 985 ut
660 936 770 986 vestro
793 919 921 983 Cedron

102 1024 168 1083 Iret
189 1042 323 1104 cruore3
348 1024 410 1086 tela
433 1027 626 1108 compressit
647 1046 727 1102 mea,

101 1125 160 1186 Cui
181 1124 245 1187 tela
265 1126 364 1202 tenui,
389 1126 552 1211 verbaque
574 1127 721 1210 exemplo
743 1124 854 1191 iuvans

102 1227 231 1291 Sanavit
252 1228 388 1292 hostem.
410 1230 559 1305 Peridus,
584 1246 619 1293 ut
640 1244 762 1314 partem
785 1229 835 1291 sui

50 1339 81 1391 55
100 1331 177 1393 Sine
199 1352 234 1394 se
254 1331 412 1396 iacentem
435 1335 544 1411 sensit,
570 1335 633 1396 huc
654 1332 752 1396 vertit
774 1332 871 1407 faces,

100 1433 242 1517 Visaque
265 1435 409 1497 Malchus
432 1458 520 1510 aure,
541 1436 682 1498 vindicta
703 1435 818 1510 minax,

99 1537 141 1597 Et
162 1557 256 1598 saeva
279 1537 424 1621 quatiens
446 1538 582 1612 vincula,
605 1537 743 1599 incurrit
760 1557 885 1599 manum

97 1639 209 1700 Notam
232 1639 383 1702 medelis:
406 1655 506 1704 tactus
528 1640 651 1724 aufugit
670 1661 776 1714 eruor,

99 1741 274 1825 Rediitque
296 1756 410 1805 trunco
430 1743 601 1826 pristinum
624 1741 723 1827 capiti
743 1743 852 1805 decus.

50 1853 81 1908 80
98 1844 254 1906 Nocuisse
275 1844 406 1906 Christo
426 1843 551 1928 profuit
572 1859 701 1908 tantum.
724 1843 789 1908 Sed
812 1865 831 1907 ο

99 1947 260 2010 Scelerata
281 1947 383 2023 turba,
406 1948 586 2012 vulneranti
609 1949 752 2031 parcitis,

97 2049 238 2112 Trahitis
260 2050 452 2113 medentem.
479 2056 529 2113 'I'u
551 2048 629 2136 quid
652 2073 763 2115 omnes
784 2072 845 2134 per
866 2069 942 2113 reos

97 2155 155 2225 Te,
177 2155 285 2228 Petre,
312 2149 450 2214 differs?
474 2154 501 2214 si
521 2155 708 2238 magistrum
731 2153 884 2228 vindicas,

97 2255 127 2316 A
150 2267 180 2316 te
201 2253 414 2316 inchoandum
437 2270 495 2318 est.
521 2256 579 2317 Ille
601 2270 634 2318 tu
657 2277 786 2339 semper
808 2255 912 2334 ferox,

50 2369 78 2422 tt
99 2357 233 2419 Cunctas
255 2356 415 2418 lacessens
436 2373 569 2441 pectore
591 2357 712 2421 invicto
733 2359 843 2432 minas,

97 2460 225 2524 Primos
248 2459 400 2534 edictus,
423 2481 557 2544 cumque
579 2460 717 2536 fortuna,
741 2461 838 2545 fugis.

96 2563 243 2638 Reluellis
265 2576 297 2625 et
319 2562 468 2625 desertor
491 2577 523 2624 et
542 2561 626 2626 ssusa
647 2562 712 2627 lide

98 2664 186 2762 Quid
208 2686 273 2727 non
294 2663 449 2748 patrasti?
471 2664 596 2726 Robori
619 2665 764 2749 quisquis
787 2687 845 2729 suo

98 2769 180 2849 Spes
203 2767 308 2828 credit
330 2768 417 2841 altas,
441 2787 502 2829 nec
525 2766 617 2830 dolos
640 2767 737 2829 animi
756 2767 847 2830 timet

50 2877 79 2930 to
97 2872 229 2932 Frustra
250 2870 415 2952 placentis,
442 2868 576 2953 perfidis
601 2869 657 2931 sed
679 2869 804 2934 viribus

97 2973 264 3048 Incumbit,
288 2972 351 3034 huo
373 2973 537 3054 respiciat,
565 2972 745 3055 exemplum
768 2993 865 3057 grave

98 3075 201 3138 Sortis
224 3074 374 3149 caducae,
399 3095 557 3159 quamque
580 3075 642 3136 sint
664 3073 774 3159 fragili
796 3075 868 3138 loco

96 3181 256 3239 Humana:
279 3177 403 3260 primos
424 3197 526 3259 usque
548 3176 606 3238 sed
626 3177 718 3260 punit
738 3198 813 3238 suus

97 3281 201 3343 Error
224 3279 389 3363 superbos.
416 3276 503 3374 Quid
524 3279 605 3340 meis
627 3292 728 3342 restat
749 3279 858 3358 malis3

165 3510 203 3564 V.
221 3515 262 3567 51.
281 3508 400 3564 Gedron
421 3518 538 3567 torrens
563 3507 640 3565 inter
660 3507 862 3580 Hierosolyma
888 3517 918 3567 et
942 3525 1022 3563 mon-

95 3605 155 3651 tem
171 3595 315 3650 olivarum
333 3593 396 3650 lluit
414 3594 503 3668 inque
520 3595 614 3648 lacum
632 3593 815 3667 Asphaltiten
831 3591 941 3650 incidit.
