2356 4282
104 444 156 520 52:
496 454 638 519 Parum

170 616 335 703 Propiora
354 622 433 707 polo
454 623 591 689 eulmina
612 623 752 689 tollens?

172 721 257 784 Male
279 724 436 789 concordi
457 725 594 789 loedere
616 728 743 791 iunctos

174 825 269 887 Mista
291 825 431 891 artifices
452 830 559 914 lingua
582 832 749 913 repressit.

171 928 257 990 Hinc
278 929 431 994 fulminea
451 931 523 994 sace
545 931 726 1018 crebroque

104 1036 154 1092 190
170 1030 315 1094 Disiecta
335 1033 400 1095 ruit
419 1030 548 1096 ssamine
571 1034 679 1096 turris.

173 1132 261 1229 Quid
280 1134 396 1197 Niliaci
416 1149 519 1199 castra
539 1136 665 1217 tyranni

169 1236 283 1299 Rubro
303 1258 481 1300 memorem
503 1240 656 1303 subversa
678 1233 787 1300 freto?

169 1339 328 1401 Parumne
351 1339 440 1403 dedit
462 1341 625 1426 specimen
646 1340 744 1404 fortis

168 1441 237 1500 Lux
259 1441 312 1504 illa
334 1440 423 1503 Dei?
444 1458 603 1526 quantove
626 1456 750 1526 premat

103 1548 151 1602 195
171 1540 325 1603 Tumidos
347 1543 511 1606 hominum
531 1545 654 1607 robore
676 1541 803 1605 fastus?

83 1630 86 1635 ⁴
171 1643 246 1705 Heu
270 1660 347 1728 quot
367 1648 480 1730 populi
502 1647 646 1712 cladibus
673 1646 763 1709 illinc

169 1747 302 1809 Extorta
324 1746 400 1832 fuga
423 1749 488 1811 est!
513 1751 602 1845 Quot
624 1764 763 1813 monstra
785 1748 856 1812 tulit

171 1850 259 1912 Gens
281 1851 383 1914 Isiaco
406 1872 494 1914 sacra
517 1853 666 1928 iuvenco,

168 1957 245 2016 Mox
266 1952 323 2015 ubi
344 1953 443 2016 densa
463 1954 549 2016 nube
571 1955 723 2039 profusus

101 2054 312 2117 adulteriora
335 2057 427 2118 culex
449 2055 533 2117 bella
552 2058 691 2141 peregit,

172 2158 237 2221 Aut
259 2157 315 2219 ubi
335 2180 427 2221 ranas
448 2159 603 2242 laetisque
626 2181 740 2244 graves

168 2260 290 2322 Extulit
311 2261 395 2324 arvis
418 2262 509 2346 virga
529 2261 682 2330 locustas!

170 2363 248 2425 Cum
270 2383 330 2425 uec
354 2363 462 2426 medio
485 2385 549 2426 nox
570 2364 671 2448 spissa
694 2364 758 2440 die,

168 2468 236 2528 Nec
257 2466 429 2549 sanguinea
451 2466 523 2529 tabe
544 2463 680 2530 fluentes

99 2581 149 2637 205
168 2567 209 2630 Et
230 2568 392 2630 mortiferi
412 2567 556 2650 piscibus
578 2589 698 2644 amnes,

168 2671 235 2733 Nec
258 2690 338 2754 quae
360 2685 473 2733 tenues
494 2669 584 2732 fusus
607 2671 641 2732 in
663 2692 753 2733 auras

167 2770 341 2835 Horrenda
363 2772 445 2834 cinis
467 2773 598 2835 vulnera
620 2773 746 2855 sparsit,

167 2873 321 2958 Rigidum
341 2886 474 2957 possent
494 2872 628 2936 flectere
649 2887 776 2958 pectus:

168 2981 260 3040 Tune
281 2979 400 3039 laxatus
422 2978 572 3062 graviora
595 2976 689 3040 furor

99 3092 150 3145 210
167 3079 298 3163 lmpulit
319 3102 415 3142 arma.

155 3183 249 3246 'Dira
269 3181 402 3244 Pharias
425 3197 530 3267 strage
550 3203 611 3265 per
631 3180 729 3244 aedes

166 3279 325 3347 Bacchatu
346 3285 445 3347 trucis
466 3306 578 3346 manus
599 3284 738 3369 Aligeri,

167 3388 258 3486 Quae
281 3389 385 3472 prima
406 3403 515 3471 patres
536 3387 659 3450 fecerat
681 3400 775 3462 aetas,

169 3490 288 3554 Stricto
310 3490 392 3553 hanc
414 3491 542 3574 penitus
563 3489 696 3552 messuit
718 3509 805 3552 ense.

168 3605 371 3618 *ι*

235 3649 272 3707 V·
291 3653 351 3709 108.
368 3648 481 3706 Isiaco
501 3649 655 3707 iuvenco
672 3650 703 3706 h,
719 3665 744 3705 s.
762 3644 830 3706 Isidi
847 3643 1058 3720 rrerasegypr
