2356 4282
424 465 584 530 Cunrsrus
607 470 763 534 Pcutuns.

129 639 251 718 Raptus
273 634 307 697 in
328 635 424 699 altum
444 635 627 702 flammante
649 654 719 703 rota

131 737 238 800 Sentis
259 736 407 802 dominos
428 761 541 803 rursus
567 740 715 826 iniquos3

131 841 196 900 Seu
219 838 361 921 captivae
383 841 542 924 quondum
564 843 686 925 patriae

60 951 114 1004 190
132 940 212 1002 Sero
234 940 367 1003 nimium
388 942 511 1004 credite
533 958 623 1008 vates

132 1043 314 1105 Lachrimas
337 1043 410 1106 fatis
430 1044 542 1106 reddis
564 1045 679 1108 iisdem
688 1067 704 1126 3·

133 1144 197 1206 Seu
218 1145 273 1229 qui
294 1167 409 1229 nuper,
431 1161 504 1228 post
525 1148 671 1211 Iordanis

132 1250 219 1309 Puro
239 1250 319 1311 lotas
342 1247 475 1311 flumine
497 1266 622 1333 gentes,

132 1349 221 1411 Nihil
240 1351 380 1415 incestos
402 1351 524 1414 veritus
547 1374 662 1435 regum

62 1465 113 1518 19⁵
134 1454 270 1536 Culpare
292 1467 392 1527 toros,
415 1467 519 1515 morte
543 1454 631 1516 luisti

135 1554 310 1617 saltatricis
333 1568 406 1618 vota
427 1557 575 1638 puella03

135 1658 200 1718 Seu
219 1657 401 1739 priscorum
423 1659 604 1743 quicunque
625 1660 731 1723 viuum

134 1757 223 1819 Idem
243 1772 335 1843 atque
358 1759 439 1820 alius
463 1760 608 1823 redditus
631 1761 705 1825 orbi

134 1866 244 1923 Merso
266 1861 352 1924 vitiis
373 1863 513 1925 consulis
534 1884 622 1936 aevo,

61 1974 116 2027 200
138 1964 269 2026 Sanctus
292 1977 399 2042 certe3
423 1978 475 2026 tua
498 1964 584 2048 quod
606 1965 708 2028 virtus

134 2069 175 2127 Et
198 2066 282 2129 fucta
301 2067 455 2148 probant:
478 2089 543 2128 non
563 2081 597 2129 tu
617 2067 752 2150 posthac

133 2170 246 2230 Denso
269 2167 420 2229 comitum
442 2168 578 2250 stipante
601 2168 702 2231 choro

134 2270 255 2334 Niveos
278 2290 386 2332 mores
408 2283 441 2331 et
462 2272 547 2333 clara
567 2273 635 2355 poli

134 2377 247 2455 Regna
267 2371 427 2454 loqueris:
449 2394 514 2435 nou
535 2389 567 2437 te
588 2376 723 2458 aspiciet

65 2487 116 2543 205
136 2477 259 2537 Coecus
283 2474 346 2536 sibi
367 2473 419 2536 vix
441 2475 591 2537 credulus
611 2477 685 2558 ipsi,

135 2579 233 2644 Vultu
253 2577 396 2660 ignotum
418 2591 570 2638 cernente
593 2574 696 2639 dietus

134 2683 208 2742 Non
230 2680 403 2741 clementes
425 2677 528 2761 fugiet
548 2692 649 2742 tactus

136 2779 296 2844 Omnibus
318 2779 431 2841 herbis
452 2777 570 2845 invicte
592 2781 678 2844 lues:

135 2884 207 2944 Non
227 2894 258 2944 te
282 2881 367 2944 vires
388 2880 564 2964 praebente
587 2898 657 2945 tuas

65 3001 119 3054 210
137 2987 242 3047 Auctu
260 2983 358 3046 tacito
379 2983 513 3046 totidem
535 3005 633 3067 penes

135 3086 312 3150 Hominum
333 3084 467 3148 totidem
487 3086 586 3148 millia
606 3100 747 3170 pascent.

137 3193 225 3258 Vere
246 3188 349 3251 exacti
369 3189 480 3272 regule
502 3188 613 3262 moris,

136 3294 245 3374 Prope
266 3291 339 3373 plus
359 3290 423 3354 vita
445 3310 538 3374 quum
561 3308 640 3352 voce
664 3287 803 3350 docens:

137 3393 237 3456 Modo
259 3394 410 3456 sectatrix
431 3412 526 3477 quern
545 3393 639 3454 turba
660 3409 812 3473 premens

60 3513 120 3573 215
138 3499 281 3582 Angusta
302 3496 397 3558 nimiu
417 3496 526 3559 littora
547 3508 658 3579 queste
679 3507 737 3567 est,
