2356 4282
109 439 151 510 38
500 440 641 504 Peravn

177 606 341 692 Equisque
362 606 474 671 fretus.
518 609 574 671 lllc
596 609 758 673 Ithureum
781 609 886 673 minax

125 714 159 768 80
176 707 315 772 Intendit
335 729 454 772 arcum.
499 711 607 774 Saevit
627 710 681 774 hic
702 711 805 775 iaculo
813 733 823 791 3
847 727 935 775 teres

117 870 122 884 ,
176 812 263 877 Huic
283 811 400 891 funda3
429 811 567 896 gladium
587 834 662 896 pars
685 814 735 876 vel
757 828 892 877 aeratam
917 814 1019 898 quatit

176 917 299 978 Dextra
321 915 497 999 bipennim.
542 919 656 978 Nostra
677 932 709 980 tc
734 918 836 980 solum
856 918 973 1000 aspicit

177 1019 273 1102 Spes,
299 1033 406 1081 sancte
425 1019 572 1081 Genitor.
596 1020 700 1081 Gente
723 1042 783 1102 pro
804 1041 876 1083 cara
896 1042 1013 1085 exsere

175 1121 318 1205 Dignum
339 1123 481 1183 Tonante
504 1120 616 1183 robur.
661 1124 734 1184 Hoc
754 1123 905 1185 Pharium
929 1123 1047 1189 ducem

123 1222 284 1285 85Habes
307 1222 340 1284 in
362 1223 465 1284 hoste.
513 1223 566 1284 Nil
589 1221 647 1285 tibi
669 1221 745 1287 fisso
766 1239 815 1286 est
837 1247 917 1308 opus

175 1325 314 1409 Pelagos
337 1324 456 1386 minori
479 1323 575 1388 stabit
598 1342 762 1410 exemptus
786 1327 861 1410 iugo

174 1429 335 1512 Populus3
359 1424 466 1488 furori
490 1446 586 1509 parce
607 1447 669 1489 uec
694 1442 758 1490 tota
779 1430 888 1512 arripe

174 1529 301 1595 Virtute
324 1529 454 1591 bellum.
500 1527 659 1590 Stridulus
681 1528 783 1592 denso
806 1531 898 1593 culex

173 1631 248 1692 Tibi
270 1630 420 1694 militabit
440 1631 566 1714 agmine
590 1647 642 1695 aut
663 1632 750 1714 turpi
774 1634 889 1716 loquax

122 1745 156 1798 90
174 1733 296 1796 Educta
316 1733 393 1795 limo
413 1756 499 1796 rane.
544 1732 632 1831 Quid
653 1735 716 1796 tela
740 1733 904 1816 explices?

69 1848 71 1852 “
174 1839 308 1899 Cessent
329 1836 421 1899 licet:
445 1836 618 1920 strepentis
640 1834 679 1897 ad
701 1837 838 1898 sonitum
860 1837 953 1903 tubae

142 1977 145 1981 .
172 1941 333 2003 Gonoussa
355 1954 467 2022 sponte
488 1939 615 2001 moenia
635 1939 667 2000 in
692 1960 763 2002 sese
784 1954 888 2002 ruent,

172 2042 234 2102 His
257 2038 422 2102 efferatam
445 2039 575 2103 barbari
599 2041 632 2100 in
653 2039 789 2102 famulos
812 2041 903 2103 ducis

175 2141 350 2225 Compesce
372 2141 507 2204 rabiem.
553 2143 649 2204 Causa
672 2143 839 2204 nobiscum
863 2145 924 2205 tibi

120 2258 152 2311 95
174 2241 358 2304 Communis
379 2243 432 2304 illa
456 2257 513 2304 est.
560 2245 706 2305 Muneris
730 2244 847 2306 vindex
868 2244 944 2308 ades

171 2344 233 2406 Tui
254 2343 335 2427 ipse.
379 2346 502 2429 Regnis
523 2344 675 2428 pellimur
696 2361 808 2429 perte
830 2347 922 2421 datis,

170 2450 235 2510 Per
257 2460 289 2508 te
310 2447 481 2530 occupatis.
526 2447 675 2509 Poteris?
696 2462 728 2510 et
750 2448 854 2511 victor
874 2450 961 2527 Baal,

169 2549 297 2616 Victum
320 2549 443 2611 feretur
466 2549 547 2611 isaei
567 2549 715 2615 Numen?
739 2550 833 2612 Sines

169 2642 291 2715 inultus
311 2650 394 2714 ista?
432 2651 547 2736 Surge.
592 2655 682 2714 Nune
704 2666 772 2715 toto
795 2654 886 2715 Deus

100 2772 150 2824 100
167 2756 328 2818 Clarescat
352 2755 442 2818 orbe.
488 2753 584 2817 Clade
608 2742 795 2819 condiscant
817 2779 872 2818 sua

168 2858 329 2954 Quantum
351 2857 480 2919 Israelis
501 2859 597 2920 Baale
619 2857 660 2920 sit
681 2859 791 2942 potior
811 2860 911 2922 Deus.

508 2997 597 3048 latet.
633 2999 754 3055 Batora.

166 3094 237 3155 Ialt.
262 3094 390 3154 Sacrata
412 3089 496 3155 divis
517 3094 645 3169 mulier,
667 3093 830 3179 interpres
851 3095 919 3177 poli

167 3195 301 3278 Fatique
325 3208 412 3258 vates
435 3196 573 3274 conscia,
596 3217 727 3282 ecquam
750 3194 886 3282 perditis

235 3373 271 3426 V.
293 3378 334 3429 79.
356 3373 473 3426 Ituraea
484 3372 569 3444 regio
582 3372 761 3428 Palaestinae
779 3384 894 3448 petrosa
912 3371 949 3429 ad
967 3376 1094 3432 radicem

115 3531 117 3534 Ι
166 3455 268 3512 Libani
285 3457 400 3530 montis.
438 3458 547 3513 lturaei
566 3458 709 3532 sagittandi
728 3470 791 3515 arte
807 3460 938 3533 insignes.

235 3544 271 3598 V.
291 3549 348 3600 102.
368 3561 431 3616 sqq.
459 3543 576 3598 Debere
595 3544 684 3598 laheli
703 3543 800 3600 divina
819 3546 937 3603 oracula
952 3550 1093 3623 exponit5

166 3645 289 3703 eamque
308 3628 345 3685 ad
360 3628 567 3702 reportandam
583 3629 737 3685 victoriam
759 3632 901 3708 designari
918 3631 1029 3695 edocet.
