2356 4282
426 450 586 512 Craterus
608 449 762 511 Partuns.
994 450 1054 519 187

61 622 111 676 1⁰0
129 621 296 703 Utcunque
318 640 408 683 maus
430 619 537 701 asperi
558 633 697 681 mentem
719 630 878 702 premunt,

130 721 254 784 Evince
277 723 389 798 luctus,
413 742 503 784 sume
525 722 625 784 avitos
648 721 790 804 spiritus,

130 827 256 906 Regum
278 824 333 885 ille
356 824 504 908 sanguis:
527 826 603 887 Fata
625 837 657 886 te
679 824 713 884 in
733 837 800 885 tuto
822 823 937 886 locunt.
977 862 980 867 ·

130 924 272 987 Fortuna
292 925 379 989 vires
401 927 471 1008 ipsa
491 925 689 1008 consumpsit
710 946 782 986 suas

130 1025 240 1088 Toties
262 1025 429 1104 autentim
453 1040 527 1108 post
548 1041 672 1109 patrum
692 1039 798 1109 raptas
822 1046 912 1108 opes,

62 1133 113 1186 105
132 1129 358 1211 'fraudataque
380 1127 458 1191 olim
479 1143 605 1210 sceptra
626 1128 660 1189 in
684 1143 834 1191 externas
854 1151 976 1205 manus,

132 1227 229 1323 Quod
250 1243 282 1291 ta
303 1242 428 1293 vetaret
450 1250 522 1293 ease
544 1248 698 1305 securam,
725 1229 788 1292 suit

131 1336 199 1394 Res
220 1353 290 1405 una,
316 1345 425 1410 natus3
450 1332 505 1394 ille
526 1345 558 1392 te
579 1331 716 1396 absolvit
737 1345 844 1394 metu:

134 1431 265 1494 Timere
287 1431 350 1494 iam
371 1433 417 1494 nil
439 1431 517 1494 orba
537 1446 707 1514 paupertas
728 1446 843 1514 potest.
907 1450 910 1455 ·

131 1534 217 1598 Mar.
237 1536 365 1618 Lugere
387 1534 481 1597 vohis
503 1533 600 1607 forte,
620 1534 790 1608 lohannes,
812 1555 927 1598 novum
950 1550 1015 1598 ast:

61 1643 113 1697 110
131 1637 203 1718 Ego
224 1650 295 1696 nata
314 1635 348 1698 in
369 1632 432 1697 hoc
453 1656 539 1697 sum:
561 1648 612 1696 ter
633 1633 745 1697 decem
767 1636 856 1698 aunis
879 1637 1021 1720 amplius,

128 1740 202 1800 Non
223 1735 317 1799 aliud·
331 1738 403 1821 agi3
427 1737 513 1798 nulla
531 1758 582 1798 me
605 1737 732 1818 speeies
753 1724 827 1798 maii

127 1837 278 1900 Fefsllit:
301 1858 341 1900 ex
365 1859 427 1921 quo
449 1853 533 1901 uasta
555 1839 690 1901 coelesti
711 1853 779 1902 satu

126 1940 293 2002 Detumuit
314 1939 414 2014 uivus,
436 1939 507 2002 dira
526 1940 616 2015 mihi,
639 1939 710 2004 dira
728 1943 839 2005 'omina

128 2041 286 2105 Cecinere
307 2054 411 2103 vatesz
434 2041 516 2105 vidit
536 2043 615 2104 haec
639 2043 771 2105 Simeon
794 2063 901 2118 senex,

59 2148 111 2202 115
130 2147 262 2228 Imaque
284 2143 442 2205 inanima
463 2144 576 2206 vulnus
598 2144 722 2226 aspexit
743 2166 858 2207 meum.

128 2248 207 2307 Cum
228 2245 403 2307 lancinatus
425 2244 509 2309 inter
531 2245 686 2311 infantum
707 2266 825 2329 greges

127 2350 298 2408 Peteretur
320 2367 401 2408 unus
421 2347 514 2431 ragio
536 2346 627 2409 ferro
648 2367 740 2430 puer,

127 2447 278 2511 Nondum
299 2447 354 2510 ille
376 2447 470 2510 tantis
492 2447 616 2510 fecerat
637 2448 800 2519 miraculis

129 2549 207 2611 Sese
229 2547 454 2613 invidendum:
476 2545 619 2630 perfidos
642 2547 781 2610 nondum
798 2547 905 2625 dolor,
932 2606 937 2626 ὅ

62 2661 113 2713 120
130 2652 171 2712 Et
192 2647 264 2712 ficta
285 2649 439 2733 quicquid
460 2646 553 2710 turba
574 2648 743 2712 Pharisaei
764 2664 885 2734 tegunt,
993 2688 998 2709 .

128 2755 201 2834 Ipse
222 2749 387 2834 'arguendo
407 2765 548 2812 traxerat
568 2765 661 2833 eaput
682 2751 716 2811 in
735 2773 844 2814 suum:
889 2796 892 2802 -
947 2782 963 2813 ἰ

130 2857 266 2936 Spretor
290 2866 463 2927 sacrorum,
486 2851 593 2915 civita·
610 2874 771 2917 armorum
791 2852 867 2916 tuba
909 2906 912 2911 .
964 2896 969 2927 ‚

129 2953 278 3017 Nondum
299 2952 463 3016 audiebat:
486 2976 546 3015 una
559 2952 671 3016 'adhuc
692 2968 760 3016 erat
780 2954 865 3016 illius
890 3024 895 3033 .
941 2980 956 3011 ,·

129 3055 238 3138 Culpa,
266 3075 337 3117 essa
360 3069 484 3132 uatum;
508 3069 697 3117 nontamen
719 3077 770 3117 me
792 3056 910 3118 terruit
965 3086 968 3091 ’

61 3169 111 3222 125
129 3158 232 3218 Ferus
252 3156 308 3216 ille
334 3155 481 3218 dominus
502 3170 536 3217 et
558 3155 623 3218 suis
646 3157 740 3218 etium
759 3139 897 3221 nocens:
994 3190 1006 3221 ,-
1033 3218 1037 3229 ,

127 3258 200 3319 Non
223 3257 336 3318 similis
355 3255 481 3332 haeres,
511 3256 601 3319 cuius
623 3256 774 3320 instruxit
794 3257 892 3341 dapes

129 3358 246 3421 Cervix
268 3358 372 3420 recisa
394 3357 484 3431 satis,
510 3372 543 3421 et
564 3359 666 3421 amori
688 3358 789 3441 impio

128 3464 272 3523 Donatus
294 3461 406 3524 oculos
427 3461 514 3545 pavit
536 3450 676 3524 incestos
698 3481 813 3526 cruor:

128 3571 201 3630 Non
221 3568 315 3650 plebs
337 3587 488 3633 recusans
509 3567 629 3631 liberas
651 3586 746 3634 votes
766 3567 844 3650 pati,
