2356 4282
98 450 160 520 132
476 453 684 512 Marianam

164 616 279 681 Melius
302 618 411 680 inanes
434 621 617 705 sanguinem
640 619 770 682 volvent
792 638 904 703 genae.

164 723 332 804 Nunquam
354 721 445 784 coire
466 722 568 806 patiar
589 721 649 783 hac
672 740 768 784 venas
790 741 896 782 mauu.

166 823 342 885 Scrutabor
364 823 463 907 ungui
481 824 623 897 vulnera,
648 835 679 885 et
702 822 824 884 saniem
846 820 1019 896 extraham

164 927 236 987 Non
259 925 338 985 alius
360 925 465 987 imber
486 924 547 987 hos
568 925 669 1007 magis
690 924 792 987 luctus
814 923 917 986 decet.

114 1040 147 1092 45
208 1029 282 1087 Heu
304 1026 372 1088 me!
395 1047 456 1109 per
476 1026 562 1109 ipsas
584 1026 675 1090 urbis
695 1025 897 1110 ingredimur
918 1023 995 1088 rias.

167 1131 289 1204 Sentio,
311 1130 476 1193 videmur:
501 1129 610 1203 rerba,
634 1129 722 1213 quod
744 1148 884 1212 possum,
907 1127 1016 1208 autli03

165 1231 370 1315 Tandemque
393 1231 513 1293 nostris
535 1232 650 1315 aliquis
671 1231 827 1314 ingemuit
847 1230 951 1292 malis.

168 1335 232 1395 Seu
254 1333 367 1394 Medus
390 1331 444 1395 ille
467 1334 651 1409 astrictae,
677 1347 710 1394 et
733 1333 814 1394 duro
835 1350 966 1416 quoquc

166 1435 228 1499 Vel
250 1434 288 1496 ab
309 1433 402 1496 hoste
423 1434 525 1517 pictas
547 1435 698 1517 exprimit
717 1435 820 1496 luctus
843 1454 918 1496 suos
926 1456 936 1513 3

115 1547 148 1600 50
167 1535 243 1598 Sive
267 1550 315 1597 est
336 1535 517 1610 Hebraeus,
538 1555 618 1598 vocs
642 1537 696 1619 qui
717 1535 826 1596 timida
849 1534 994 1618 ingemit,

169 1638 362 1719 spectatque
385 1637 490 1699 trunci
512 1634 604 1700 triste
627 1637 828 1698 simulacrum
852 1632 962 1716 ‹lucis3

168 1738 243 1801 Sive
265 1737 351 1800 hunc
373 1752 405 1801 et
426 1739 515 1800 illum
536 1739 677 1815 miseret,
707 1753 875 1822 utrumque
899 1741 1051 1824 alloquor.

167 1839 253 1902 Mihi
275 1839 352 1900 dare
376 1842 513 1922 gemitus
534 1837 668 1922 parcite,
693 1841 778 1902 haud
798 1862 858 1922 pro
879 1861 933 1904 me
956 1861 1074 1926 queror.

166 1942 246 2003 Dies
269 1941 443 2024 ademptus,
474 1956 507 2005 ct
526 1943 610 2024 patri
630 1943 753 2025 ingesta
775 1941 905 2018 orbitas,

116 2057 149 2110 ts
169 2045 234 2107 Sed
256 2059 321 2106 tum
343 2044 484 2106 ridenti:
507 2043 622 2115 vincla,
645 2063 767 2119 carcer,
794 2045 943 2120 servitus,

169 2146 317 2209 Vindicta
339 2146 420 2210 levis
442 2160 491 2207 est
499 2167 509 2225 3
531 2145 620 2206 ferre
644 2144 732 2228 quoti
752 2147 866 2220 merui,
891 2146 975 2208 furo.

167 2249 219 2309 Nil
242 2249 295 2309 ille
319 2249 427 2309 lacero
449 2262 574 2310 moreat
597 2268 614 2309 c
639 2247 725 2309 vultu
748 2266 867 2309 cruor:

167 2352 260 2410 Meus
283 2366 347 2410 ests
371 2368 492 2410 nocens
514 2363 578 2410 est:
601 2348 680 2408 aliua
700 2349 781 2410 hanc
804 2363 925 2410 vestem
946 2347 1056 2410 imbuit

166 2452 372 2532 Patriumque
395 2450 458 2510 nati
482 2450 611 2533 sanguis
633 2449 746 2511 infecit
769 2451 888 2511 sinum:

115 2561 149 2615 0⁰
166 2553 325 2613 lnnocuus
346 2550 466 2634 aliquid
486 2552 546 2612 iste
569 2550 749 2634 virgineum
770 2553 866 2612 rubet

167 2651 394 2734 Lacrymisque
416 2651 564 2734 dignum:
587 2670 701 2714 caecus
724 2652 785 2713 hoc
806 2652 901 2714 stiam
924 2653 1002 2715 scio.

167 2756 295 2838 Captiva
318 2756 419 2831 turba,
444 2754 528 2816 filiae
549 2755 628 2818 heu!
652 2755 810 2839 quondam
832 2756 922 2831 Sion,

168 2861 326 2930 Lamenta,
349 2857 489 2918 lacerum
512 2856 656 2918 crinibus
680 2857 779 2919 vulsis
802 2871 895 2940 caput

166 2960 364 3041 Vestroaque
387 2958 530 3039 planctus
550 2956 609 3017 lilii
631 2957 774 3019 insontes
794 2972 918 3040 petunt,

116 3065 148 3118 ct
165 3063 235 3122 Non
257 3074 349 3143 pat'e'r
368 3060 507 3142 iniquus.
531 3059 696 3120 Perieram
720 3059 802 3120 hanc
824 3060 940 3121 molem
963 3056 1045 3133 mali,

167 3162 332 3245 Clarisque
355 3161 487 3221 nimium
510 3160 608 3221 rebus
631 3161 773 3221 evolvam
795 3160 894 3221 miser

166 3265 323 3345 Perplexa
345 3281 449 3344 nuper
470 3263 548 3324 latas
572 3263 741 3344 praestabo
763 3258 860 3323 iidem

165 3366 299 3449 Utrique
322 3380 434 3440 vatum,
459 3385 544 3448 pone
567 3365 717 3427 victrices
738 3379 826 3426 rotas

167 3471 245 3531 cum
267 3489 341 3551 pars
361 3468 515 3549 triumphi
537 3489 647 3551 magna
670 3467 862 3547 Babylonem
885 3462 1028 3525 invehar.

116 3587 149 3638 πο
168 3568 233 3631 Sed
253 3591 317 3631 non
338 3568 475 3648 videb03
498 3570 569 3631 luca
593 3569 632 3630 ab
656 3559 769 3631 amissa
789 3568 853 3628 hoc
875 3566 939 3627 erit

24 3904 161 4016 ‘X
