2356 4282
454 480 667 543 Μιωιιω

456 655 576 718 Actus
622 654 801 730 quartus·

478 789 624 840 Ieremias·
662 787 777 839 choros.

164 908 223 971 lar.
245 908 401 989 Suprema
424 921 532 969 rector
555 921 666 971 cuncta
690 906 745 992 qui
767 919 846 968 nutu
867 923 989 978 moves,

165 1010 280 1073 Eritne
303 1009 431 1073 tandem
454 1009 605 1095 gravibus
628 1009 788 1074 aerumnis
808 1005 950 1073 modus?

164 1113 277 1175 Eritne
297 1135 359 1197 per
378 1110 438 1178 te?
460 1112 595 1196 Solyma,
616 1111 750 1177 Davidis
769 1111 862 1175 labor

163 1218 289 1300 Totque
312 1215 387 1277 inde
410 1236 532 1300 regum,
564 1214 671 1307 pulvis
694 1229 725 1278 et
746 1214 883 1277 tumulus
906 1213 1030 1294 iacent3

132 1315 233 1380 tttos
254 1317 375 1401 praeda
394 1314 562 1392 trahimur,
584 1317 698 1402 bisque
722 1314 877 1400 dispersis
899 1336 983 1380 nova

165 1420 270 1482 Exilia
291 1418 436 1483 mandas:
461 1421 560 1506 spatia
584 1419 642 1483 sed
661 1434 767 1483 terrae
788 1434 914 1504 negant.

164 1527 238 1586 Non
260 1544 340 1586 unus
361 1523 463 1586 bostis
485 1522 587 1607 spolia
609 1520 763 1584 danobis
787 1520 866 1598 tulit,
955 1514 957 1521 ’

164 1625 238 1687 Non
260 1648 321 1687 una
342 1624 456 1686 Medus
464 1647 474 1705 3
498 1624 573 1687 trita
595 1622 794 1706 Babylonem
814 1623 865 1685 via
887 1636 948 1698 est,

165 1729 206 1789 Et
226 1727 301 1790 trita
321 1726 513 1809 Memphimt
538 1728 604 1790 sola
625 1725 751 1787 Iudaeis
773 1739 869 1810 negat

116 1833 148 1886 10
165 1828 280 1891 Iudaea
305 1828 409 1903 sedes,
436 1842 543 1891 cetera
565 1827 728 1890 exsulibus
749 1841 867 1910 patent,

165 1930 356 2015 Nullumque
379 1930 531 1994 Hebraeo
554 1931 648 1996 vilius
670 1930 758 1995 venit
780 1943 883 2013 caput.

165 2033 343 2094 Meruimus
366 2032 425 2094 ista
448 2031 562 2110 fateor,
590 2047 622 2094 et
640 2031 667 2093 si
690 2030 768 2119 quid
789 2045 896 2115 potest

167 2136 229 2200 His
251 2157 322 2197 esse
345 2135 473 2220 gravius
481 2160 493 2217 ,·
516 2134 652 2198 fecimus
675 2135 797 2198 caelum
820 2154 942 2197 nocens

165 2239 243 2300 Diri
265 2254 400 2323 nepotes
407 2261 417 2319 3
443 2238 560 2302 melior
583 2254 613 2301 at
633 2241 765 2301 Patrum
785 2237 844 2301 tibi

116 2349 149 2407 15
166 2341 325 2404 Memoria
348 2343 470 2404 subeat.
497 2341 648 2403 Abrahae
670 2339 817 2424 imperiis
840 2336 921 2402 fides

166 2445 306 2507 Probata
329 2441 428 2520 duris,
451 2457 552 2505 castus
572 2441 653 2505 Isaci
673 2443 781 2518 timor,

165 2547 207 2608 Et
227 2561 276 2609 tot
297 2545 407 2608 Iacobi
428 2559 540 2630 pectus
563 2544 717 2608 invictum
738 2540 839 2607 malis.

166 2649 290 2711 Pietate
312 2649 394 2714 avita
414 2663 525 2733 patere
547 2663 694 2713 natorum
716 2648 820 2710 scelus

168 2751 358 2816 Obliterari.
385 2752 494 2836 Stirpe
517 2751 545 2814 si
567 2747 713 2815 exscindi
734 2749 843 2813 ultima

115 2848 150 2902 2⁰
168 2853 278 2916 Placet
300 2852 463 2930 lsraelem,¹
490 2853 561 2938 quis
581 2853 644 2915 tuis
666 2851 800 2915 meritos
823 2849 912 2915 dabit
943 2840 946 2848 ¹

168 2954 245 3016 Aris
269 2953 434 3017 honores?
457 2956 529 3039 quis
551 2969 618 3017 tuas
640 2951 750 3018 laudes
773 2952 886 3017 canet?
962 2974 966 2980 ·

168 3057 400 3120 Ammoniusne
422 3055 592 3140 perfidus?
612 3057 731 3121 nostris
752 3057 847 3120 ferox

168 3159 284 3223 Medus
306 3159 433 3222 ruinis?
454 3160 555 3223 fuerit
576 3160 734 3223 incassum
756 3159 808 3225 via

168 3263 311 3328 Medium
332 3285 393 3348 per
414 3285 544 3349 aequor,
568 3265 696 3350 aggeris
718 3263 830 3327 structi
852 3261 949 3326 modo

117 3372 154 3426 25
170 3368 233 3431 Ubi
256 3388 343 3431 mare
367 3369 493 3453 gemina
513 3367 624 3432 fronte
644 3387 858 3431 marmoreum
880 3363 996 3429 stetit?

237 3545 301 3600 Act.
320 3547 373 3603 lv.
392 3547 536 3603 Narratur
554 3544 656 3602 caedes
674 3544 803 3601 filiorum
818 3541 969 3614 sedeciae,
996 3539 1085 3599 etse·

171 3627 270 3688 deciae
288 3631 377 3705 ipsius
396 3632 568 3690 excaecatio.
