2356 4282
130 456 191 527 156
524 460 645 526 Gnorn

120 642 168 697 185
187 629 363 693 Commissa
383 646 510 698 vestrae
534 633 625 697 vocis
647 633 784 697 arbinio
804 634 880 697 luat.
1070 708 1071 713 γ

186 735 255 797 Oai.
278 735 441 831 Quamvis,
465 757 596 802 avorum
616 735 733 818 placita
754 737 840 820 quod
862 737 957 819 nohis
978 751 1087 811 manent,

186 839 314 898 Donum
335 834 473 899 fatemur
494 860 565 901 esse
587 842 775 914 Romanum,
799 853 907 902 tamen

187 939 304 1002 Omnis
326 939 456 1004 redacta
477 941 558 1002 iuris
580 955 629 1004 est
648 941 752 1004 nostri
774 962 891 1005 necem

187 1041 274 1103 Citra
295 1055 453 1126 potestas3
475 1059 519 1120 tu,
545 1043 598 1107 cui
617 1065 750 1129 magnus
773 1066 845 1108 snas

118 1160 168 1214 190
185 1145 297 1206 Tradit
317 1165 448 1208 secures
471 1146 575 1230 gentis
598 1147 762 1209 Ausoniae
784 1162 888 1231 pater,

184 1251 237 1310 lus
260 1247 379 1331 imperi
399 1262 501 1311 tuere.
524 1251 630 1345 Quem
651 1249 807 1313 trahimus
830 1271 934 1326 reum,

185 1349 283 1412 Modo
307 1350 370 1412 iam
390 1350 503 1414 relicta
525 1350 602 1414 sede
624 1352 736 1415 natalis
759 1352 830 1428 soli,

185 1453 248 1516 Ubi
270 1467 376 1518 servat
396 1453 480 1517 unda
501 1455 645 1518 Caesaris
667 1474 785 1516 nomen
807 1455 865 1530 tui,

185 1561 276 1620 Haec
299 1580 399 1643 usque
422 1559 461 1621 ad
482 1560 574 1622 urbis
595 1573 678 1622 tecta
698 1560 892 1643 populorum
915 1561 1032 1646 agmine

119 1670 166 1724 195
187 1661 325 1743 Stipatns
347 1661 423 1736 ibat,
445 1663 558 1746 vulgus
582 1662 616 1723 in
636 1662 757 1724 bellum
778 1661 879 1737 ciens,

185 1762 347 1848 Nefasque
368 1764 507 1827 clamans
527 1764 665 1827 liberam
686 1764 777 1828 Latio
798 1765 905 1847 premi

186 1868 323 1928 Gentem
345 1866 485 1945 tribut03
508 1866 659 1928 carminis
679 1866 796 1950 magici
817 1866 909 1928 nefas

185 1968 391 2053 Stygiumque
413 1967 529 2030 foedus
550 1968 664 2032 astruit
684 1967 791 2030 fraudi
811 1966 919 2031 fidem.

185 2073 275 2135 Nihil
297 2073 440 2157 quietum
462 2073 596 2156 patitur:
619 2087 763 2136 excantat
783 2094 893 2156 rogos,

117 2192 170 2245 200
188 2179 229 2237 Et
250 2175 320 2257 ipsa
341 2177 451 2238 turbat
469 2177 562 2238 busta
583 2173 678 2237 ferali
701 2196 809 2238 sacre:

185 2279 286 2373 Queis
309 2293 400 2363 capta
422 2280 574 2342 monstris
595 2280 690 2342 turba
712 2280 888 2342 novitatum
909 2299 1022 2366 sequax

185 2383 358 2445 Dominum
380 2382 501 2456 salutat,
525 2381 612 2442 illius
633 2378 743 2442 laudes
763 2381 858 2456 canit,

184 2485 397 2568 Praefertque
420 2482 509 2545 eunti
529 2482 672 2544 nobilem
695 2484 819 2564 palmae
842 2503 976 2547 comam.

184 2589 245 2649 His
266 2587 321 2648 ille
345 2584 460 2649 studiis
482 2585 584 2647 fretus
607 2584 727 2647 addicit
748 2584 812 2645 sibi

117 2699 167 2752 205
184 2693 338 2752 Possessa
359 2686 518 2773 quendam
541 2701 668 2769 sceptra
689 2686 825 2751 Davidis
847 2687 956 2752 demo.

183 2797 274 2854 Motu
296 2812 335 2852 ex
357 2790 483 2863 rebelli,
505 2789 557 2872 qui
581 2789 645 2849 nisi
668 2789 781 2852 caedes
803 2789 904 2864 vires,

185 2894 345 2956 Flammae
367 2907 509 2975 penaten,
535 2892 664 2956 vastitas
686 2913 780 2976 agros
801 2908 918 2968 manet,

186 3000 264 3059 Cum
284 2997 386 3058 iustus
408 2997 442 3058 in
463 3018 523 3058 nos
544 2997 665 3058 saeviet
686 3000 808 3059 Romae
830 2995 951 3059 dolor?

183 3103 285 3161 Unum
306 3098 416 3181 perire
441 3099 548 3173 satius,
574 3120 613 3159 au
634 3098 795 3181 populum,
820 3099 936 3182 putas?

116 3213 167 3265 210
186 3203 274 3300 Quin
298 3201 352 3265 hic
373 3203 501 3284 piamen
523 3200 664 3263 omnium
686 3202 798 3285 culpae
820 3201 913 3264 datus

184 3307 307 3367 Crucre
329 3304 433 3388 gentis
455 3303 594 3366 redimat
614 3303 747 3366 exitium
768 3326 837 3368 suo.

182 3412 263 3472 Pon.
285 3406 445 3491 Ambigua
466 3407 611 3489 prudens
630 3427 724 3471 eausa
746 3407 917 3470 consilium
937 3401 1052 3489 expetit·

183 3514 271 3573 intro
295 3523 344 3572 est
364 3510 513 3573 eundum.
541 3512 607 3578 Vos
629 3508 723 3587 foris,
746 3510 872 3595 quando
895 3511 984 3587 libet,
