2356 4282
151 430 216 503 232
551 436 674 500 Gaoru

216 605 356 682 Dotban,
377 603 546 692 minaeque
568 608 693 684 mortis,
716 621 750 671 et
769 604 871 670 tristis
894 620 1027 689 specus,

215 708 256 772 Et
278 709 412 783 Arabes,
436 709 566 773 abeant·
603 710 743 774 Somniia
766 722 889 773 constat
908 706 1001 771 fides.

164 813 196 871 85
216 810 298 873 Satis
320 811 398 875 boe:
420 831 482 875 neo
503 811 589 874 aliud
610 814 710 875 maius
731 835 748 874 a
768 811 862 875 robis
883 811 969 875 volo.

214 913 285 975 Iud.
307 915 476 977 Generosa
498 935 644 997 praeses:
667 936 733 978 nou
757 914 844 977 enim
856 912 993 976 fratrem
1009 911 1137 977 audeam

214 1016 351 1091 Vocare,
373 1017 446 1100 quia
469 1038 528 1080 nos
551 1017 701 1080 conscius
721 1017 832 1099 eulpae
854 1014 962 1099 pudor

212 1119 247 1177 In
268 1132 300 1179 te
321 1120 426 1203 arguit
446 1119 565 1181 secisse
587 1119 764 1183 fraternum
786 1118 883 1180 nihil:

212 1221 330 1282 Iterum
352 1221 462 1297 voluti,
489 1222 660 1305 supplices,
690 1219 901 1294 miserabiles,

161 1329 195 1384 to
213 1323 265 1385 Ad
287 1339 338 1387 tua
359 1324 499 1388 iacemus
522 1347 641 1410 genua:
666 1346 731 1387 non
752 1340 838 1388 otte
859 1324 937 1385 sami

194 1429 360 1502 Nostrae,
383 1426 441 1490 sed
463 1442 497 1490 ut
515 1442 547 1491 te
570 1442 669 1490 tumet
689 1448 832 1510 opponas
853 1425 924 1488 tibi.

211 1531 346 1612 lguosue
354 1551 364 1609 3
388 1530 495 1614 longis
515 1529 621 1593 lessus
641 1529 800 1591 aerumnis
821 1541 913 1611 pater

210 1632 284 1693 Hoc
307 1632 387 1714 ipae,
411 1633 439 1693 ei
459 1632 519 1706 via,
543 1633 697 1715 postulat:
720 1632 747 1693 si
771 1631 829 1704 vis,
852 1644 956 1713 rogat.

210 1736 271 1797 loe.
294 1733 433 1797 Abiieite
457 1756 549 1797 ouras
557 1758 567 1816 3
592 1735 725 1818 poscitis
747 1754 818 1796 sera
840 1752 940 1816 prece

161 1840 193 1895 75
213 1836 310 1930 Quod
321 1837 525 1922 impetratum
535 1853 593 1901 est.
619 1841 692 1900 Hoo
703 1857 831 1920 quoque
843 1850 893 1898 est
903 1834 1041 1898 nimium
1052 1836 1131 1910 leve,

210 1940 341 2003 Donare
363 1941 507 2024 culpam3
532 1940 635 2004 frater
654 1954 689 2003 ut
710 1940 829 2003 fratres
852 1959 933 2013 amo,

210 2043 289 2103 Cum
309 2042 531 2105 Beniamiuem
553 2041 649 2105 video
671 2041 797 2104 sincera
817 2038 882 2103 fide

209 2143 312 2212 Vobis
333 2145 442 2219 amari,
463 2144 549 2208 scire
571 2144 658 2229 quotl
677 2159 789 2206 noster
811 2141 866 2205 diu

207 2249 274 2308 Per
293 2244 450 2310 flexuosas
471 2247 597 2332 quaerit
619 2246 769 2330 ambages
791 2244 893 2307 labor.

148 2358 191 2414 ω
207 2352 256 2414 Ne
277 2350 400 2413 cruciat
418 2352 481 2414 boc
501 2372 569 2426 vos,
595 2351 697 2412 exitus
719 2349 857 2410 felicitas

206 2457 362 2517 Meretur.
406 2457 465 2517 Est
487 2475 545 2518 eur
567 2452 686 2537 gratias
707 2450 801 2516 vobis
823 2471 923 2536 agam,

206 2559 272 2618 Per
294 2577 374 2640 quos
394 2556 536 2619 honores
557 2554 722 2638 proximos
744 2574 846 2637 reguo
868 2551 937 2614 tuli.

206 2658 272 2756 Qui
295 2659 516 2733 surculescit,
538 2672 651 2720 cuneta
674 2657 730 2740 qui
751 2655 842 2740 vigili
863 2655 954 2715 Deus

206 2761 311 2827 Oculo
333 2763 484 2836 intuetur,
505 2762 615 2846 nilque
638 2762 708 2822 eine
730 2781 807 2823 cura
829 2758 915 2832 sinit,

151 2873 186 2928 8⁵
204 2869 246 2930 Et
266 2866 390 2928 eminus
415 2865 550 2927 consilia
572 2863 799 2946 disponimus,

203 2968 306 3037 Vobis
329 2968 470 3030 futurum
491 2967 718 3051 sospitatorem
740 2986 777 3030 ao
799 2965 884 3050 patri

202 3070 374 3134 Praemisit
394 3071 458 3134 buu
477 3090 538 3132 me.
577 3070 673 3166 Quod
694 3069 833 3132 Pharum
854 3083 988 3154 torquet
1008 3070 1109 3135 fames

201 3171 321 3258 Alique
342 3172 461 3234 Pharia
483 3171 578 3256 fruge
601 3173 657 3256 qui
678 3172 800 3234 circum
822 3172 926 3234 solent

166 3317 170 3325 -
201 3274 327 3357 Populi,
353 3273 511 3336 secundae
535 3287 659 3356 tempus
680 3274 807 3336 aestatis
829 3273 922 3358 lugia

151 3377 294 3444 walliae
316 3392 488 3460 supersunt
508 3376 650 3462 quinque
671 3398 735 3438 non
758 3377 886 3440 steriles
906 3376 1026 3443 miuus.
1111 3410 1118 3420 ·

199 3485 247 3544 Ite
269 3478 359 3564 ergo,
382 3481 465 3565 patri
485 3481 550 3544 sata
571 3478 703 3542 deflenti
723 3501 794 3543 mea

200 3587 330 3650 Portate
352 3583 427 3646 laeti
449 3583 594 3646 nuntium
616 3583 857 3668 insperabilem,
