2356 4282
385 953 774 1054 Argumentum·

506 1163 660 1176 ——u

178 1293 330 1405 Ereptus
371 1321 444 1384 Deo
482 1321 611 1386 vindice
652 1320 758 1382 multis
801 1319 862 1381 iam
902 1316 1045 1382 cladibus

119 1427 219 1488 Israel
252 1444 409 1509 praeceps
443 1424 560 1487 iterum
593 1424 708 1486 ruebat
739 1423 773 1484 in
800 1424 939 1498 scelera,
973 1441 1045 1485 cum

120 1543 153 1592 et
178 1549 298 1612 poenas
320 1550 433 1589 rursus
457 1547 632 1610 reposcere
652 1529 724 1588 Deo
748 1526 850 1590 visum
872 1540 931 1589 est.
977 1528 1045 1590 Res

123 1643 191 1693 acta
210 1646 259 1693 est
278 1652 339 1714 per
362 1631 501 1693 sisaram
529 1629 617 1714 regis
646 1628 737 1692 labin
758 1628 968 1691 fortissimum
990 1627 1047 1690 du-

120 1755 207 1808 cem,
238 1734 293 1818 qui
322 1746 406 1795 tanta
434 1732 467 1797 vi
490 1731 715 1794 Hebraeorum
745 1729 825 1793 fines
851 1731 984 1808 invasit,
1012 1744 1048 1792 ut

67 1839 75 1850 ‘
120 1834 160 1898 de
190 1835 230 1896 iis
261 1835 489 1898 conclamatum
519 1836 590 1897 esse
618 1833 793 1923 videretur.
840 1832 940 1897 Audit
967 1834 1048 1897 inte-

118 1938 181 1999 rim
211 1960 341 2000 suorum
368 1938 504 2022 gemitus
532 1936 665 2000 Debere
691 1936 876 2020 prophetis,
911 1957 1047 2022 eumque

119 2039 340 2104 vehementius
355 2049 582 2116 commovetur,
607 2039 735 2103 tandem
749 2041 821 2102 Deo
843 2040 938 2124 plene
951 2044 1048 2104 Buru-

121 2163 191 2204 cum
214 2162 285 2205 cum
307 2142 431 2227 ingenti
453 2143 597 2205 exercitu
621 2143 746 2206 Sisarae
777 2145 904 2208 obviem
932 2163 1047 2227 proce·

122 2244 200 2307 dere
221 2244 320 2308 iubet.
366 2244 462 2343 Quod
489 2266 560 2307 cum
580 2245 642 2328 ille·
656 2245 788 2309 Debere
810 2247 979 2310 eomitante
1000 2245 1049 2309 fe·

122 2347 234 2422 uisset,
257 2361 375 2410 tantum
394 2361 555 2411 terrorem
580 2347 775 2411 chananaeis
796 2348 923 2422 iniecit,
952 2362 987 2412 ut
1015 2364 1049 2412 et

123 2449 245 2511 Sisurus
274 2447 314 2511 de
338 2470 435 2512 curru
458 2450 593 2511 exiliens
619 2450 693 2535 fuga
716 2451 780 2512 sibi
803 2453 971 2515 consulere
994 2450 1049 2514 de·

76 2611 78 2616 .
121 2551 233 2630 heret3
262 2550 317 2636 qui
346 2572 417 2613 cum
446 2551 574 2615 tandem
602 2552 641 2613 ud
669 2553 808 2616 lahelem
838 2554 1045 2638 profugisset,

121 2651 160 2716 ab
184 2675 220 2717 ea
243 2655 343 2717 amice
365 2669 524 2738 aceeptus,
548 2653 690 2716 refectus
709 2657 801 2731 lacte,
829 2657 960 2740 eiusque
983 2658 1049 2740 pul-

120 2754 166 2817 lio
189 2770 323 2838 opertus
351 2771 415 2833 est,
448 2777 488 2818 ne
520 2756 558 2818 ab
586 2754 731 2818 hostibus
759 2758 980 2840 reperiretur:
1009 2757 1048 2821 ab

123 2856 235 2919 eudem
258 2857 384 2920 demum
415 2857 524 2921 divino
553 2860 684 2920 numine
713 2858 849 2942 impulsa
877 2861 967 2925 clavo
987 2882 1049 2945 per

122 2972 269 3042 tempora
292 2959 402 3023 adacto
424 2959 598 3023 trucidatus
621 2973 678 3022 est.
725 2964 771 3023 Ita
795 2961 909 3024 Israeli
935 2963 1048 3027 mulie·

122 3061 170 3122 ris
199 3084 292 3124 manu
322 3076 411 3145 parta
440 3060 480 3124 de
504 3062 700 3126 Chenunaeis
730 3064 866 3129 victoria
890 3080 946 3128 est.
992 3067 1052 3132 Ex

122 3165 177 3230 tit.
197 3165 344 3226 Indicum
366 3185 432 3246 cup.
457 3163 488 3231 4.
