2356 4282
979 406 1127 505 “stow''

195 573 384 629 absumantur
405 573 539 635 umbrae.
581 574 732 648 Plerisque
751 590 766 629 e
786 572 903 629 diverse
922 573 1052 645 opinatis
1071 572 1130 627 lar·

195 660 308 735 giorem
326 661 429 731 ssuere,
448 660 485 717 ml
505 662 740 733 Septentrionem
759 662 827 717 Sele
846 660 1027 727 discedente,
1046 659 1129 735 qued

194 746 224 800 in
250 750 363 805 Cancro
390 761 420 806 et
436 752 535 805 Leone
560 749 673 817 evenit,
701 748 828 823 ideoque
850 758 919 802 tune
948 746 1047 802 minus
1075 747 1128 801 sie-

195 836 261 889 cari.
297 838 409 892 Rursus
427 836 457 889 in
480 837 691 909 Capricornum
717 846 745 890 et
763 836 932 889 Austrinum
957 834 1065 907 polum
1082 851 1127 889 re-

195 940 281 977 verso
301 923 433 993 sorberi3
460 935 489 978 et
512 924 550 977 ob
568 922 597 975 id
616 922 732 994 parcius
752 922 844 976 fluere
864 962 870 973 .
890 962 897 977 .
916 964 924 978 .
943 921 1049 992 Incipit
1067 938 1127 975 cre·

195 1026 276 1063 scere
289 1013 368 1065 Luna
386 1028 472 1077 nova,
494 1027 683 1082 quaecumque
695 1020 762 1082 post
775 1009 930 1063 solstitium
946 1018 1001 1074 est,
1022 1010 1126 1063 sensim

195 1094 369 1169 modiceque
376 1097 517 1151 Cancrum
530 1096 599 1149 Sole
612 1107 778 1149 transeunte
786 1113 796 1163 3
815 1093 1065 1148 abundantissime
1079 1112 1127 1149 au·

196 1192 256 1235 tem
272 1186 409 1237 Leonem.
443 1185 482 1237 Et
500 1182 603 1237 residit
620 1183 649 1235 in
668 1182 801 1255 Virgine,
817 1181 929 1247 iisdem,
946 1180 1060 1253 quibus
1081 1198 1122 1234 ac·

195 1269 298 1337 erevit,
319 1269 419 1324 medis.
455 1275 595 1324 intutum
614 1282 710 1325 autem
726 1279 884 1323 revocatur
902 1269 981 1322 intra
1001 1270 1085 1340 ripas
1102 1268 1126 1320 in

196 1355 300 1427 Libra,
325 1367 357 1410 ut
380 1354 470 1411 tradit
485 1356 668 1427 Herodotus,
693 1357 846 1410 centesimo
874 1354 930 1410 die.
968 1355 1047 1411 Cum
1066 1374 1127 1409 ere-

194 1443 265 1510 scit,
284 1458 368 1515 reges
386 1454 437 1497 aut
453 1442 618 1514 praefectos
637 1442 774 1513 navigare
792 1460 843 1507 eo,
868 1440 949 1494 nefus
965 1440 1127 1496 iudicatum

196 1539 246 1583 est.
284 1529 394 1582 ductus
413 1528 475 1582 eius
493 1546 547 1599 per
565 1538 667 1600 puteos
685 1544 836 1582 mensurae
861 1527 936 1579 notis
957 1526 1126 1599 deprehen-

196 1614 316 1674 duntur.
356 1618 468 1670 Iustum
486 1616 698 1669 incrementum
717 1626 760 1669 est
778 1613 942 1667 cubitorum
959 1616 1035 1671 xvl.
1075 1615 1127 1666 mi.

194 1719 282 1756 nores
299 1720 391 1775 aquae
409 1721 469 1757 non
487 1703 584 1767 omnia
602 1703 716 1775 rigam:
735 1702 892 1771 ampliores
909 1700 1052 1767 detinent,
1073 1712 1126 1754 tar·

196 1787 258 1842 dius
285 1788 462 1845 recedendo.
497 1793 556 1843 liae
581 1789 695 1842 serendi
723 1798 854 1857 tempora
879 1787 1039 1842 absumunt
1065 1789 1125 1841 sole

194 1874 344 1928 euadente:
375 1876 442 1929 illue
472 1894 531 1930 non
556 1876 623 1930 daut
645 1877 766 1933 sitiente.
816 1878 979 1947 Utrumque
1013 1883 1124 1947 reputat

195 1961 353 2031 provincia.
391 1967 421 2014 ln
439 1962 592 2016 duodecim
611 1962 714 2016 cubitis
739 1962 841 2015 tamem
859 1961 960 2027 sentit,
983 1962 1015 2015 iu
1031 1958 1116 2014 trede-

197 2048 255 2099 eim
273 2047 429 2102 etiamnum
454 2050 560 2104 esurit:
589 2048 808 2122 quatuordecim
834 2047 932 2102 cubita
950 2047 1123 2101 hilaritatem

1001 500 1015 524 Ι

195 2134 335 2192 afferunt:
355 2136 523 2208 quindecim
540 2139 747 2207 securitatem
767 2135 910 2191 sexdecim
929 2133 1060 2191 delicias.
