2356 4282
474 480 739 548 Soanoursnuss.
993 481 1052 552 201

137 649 217 714 'l‘ota
239 649 425 717 advocanda
446 669 503 729 est,
528 653 637 716 cordis
658 667 692 715 ut
712 666 840 737 pateant
861 646 940 715 mihi

67 758 118 811 100
136 754 270 829 Arcana,
292 755 388 818 multa
409 769 521 838 tegere
543 775 625 839 quae
646 756 748 817 nubes
769 754 860 817 solet.

134 857 207 917 Huc
228 855 410 937 pertinebat
431 870 463 919 et
481 856 568 940 quod
588 857 759 918 hesternae
779 855 870 939 dapis

134 956 248 1020 Aetate
269 957 420 1019 minimus
440 958 588 1020 maximas
610 972 718 1040 partes
739 957 820 1031 tulit,

134 1057 225 1120 Scire
247 1072 284 1122 ut
303 1057 435 1122 daretur
455 1080 513 1122 ore
536 1074 569 1123 et
590 1059 757 1121 oculorum
776 1060 871 1133 notis,

133 1161 315 1222 Ferrentne
335 1159 469 1222 fratrem
493 1160 646 1245 sanguine
667 1181 708 1222 cx
729 1175 797 1224 toto
818 1181 933 1234 meum,

63 1261 186 1322 1051111
207 1260 328 1322 veteris
350 1261 419 1323 odii
438 1274 571 1343 pectore
592 1260 742 1323 haereret
763 1262 855 1334 cinis,

132 1360 277 1423 Necdum
296 1361 372 1424 satis
395 1361 553 1445 liquebat:
576 1361 757 1424 instandum
778 1362 922 1445 amplius.

131 1462 257 1524 Servilc
278 1460 388 1525 fictum
409 1463 543 1537 crimen,
566 1478 659 1547 atque
681 1463 757 1526 inde
779 1464 949 1527 imminens

130 1567 238 1626 Puero
258 1564 426 1645 periclum,
449 1563 579 1648 deteget
601 1563 708 1648 siquid
727 1566 813 1628 latet.

131 1669 203 1727 Non
225 1679 313 1726 recta
334 1685 462 1747 semper
484 1667 583 1727 sulcat
605 1664 775 1728 adversum
796 1687 883 1730 mare

63 1779 113 1831 110
131 1767 263 1829 Carina:
284 1766 418 1849 prodest
439 1787 535 1850 saepe
558 1767 683 1849 prolato
703 1766 787 1849 pede

132 1868 267 1930 Sinuare
290 1887 429 1941 cursum,
453 1881 485 1930 et
508 1867 577 1931 vela
598 1868 632 1927 iu
654 1866 820 1952 obliquum
840 1868 927 1931 dere.

128 1969 187 2031 Est
209 1983 241 2030 et
259 1967 437 2051 probandis
458 1989 533 2032 usus
554 1968 715 2032 interdum
738 1968 831 2031 dolis.

130 2071 244 2152 Spero,
269 2069 445 2152 reperiam:
468 2069 517 2130 sin
539 2071 654 2144 minus,
675 2070 789 2133 faciam
811 2072 925 2133 bonos.

128 2170 216 2233 Ades
238 2176 392 2244 Marassa,
416 2172 444 2235 si
465 2170 527 2234 tibi
548 2171 707 2256 quondam
729 2172 801 2238 viro

56 2279 108 2329 115
127 2275 206 2334 Pars
229 2292 263 2333 se
286 2273 388 2356 aliqua
411 2273 505 2358 regni
527 2273 642 2349 credit,
665 2275 829 2356 Aegyptus
850 2271 910 2333 tibi

128 2375 177 2436 Sit
199 2374 320 2456 patria:
344 2375 391 2437 sic
413 2388 461 2436 est
482 2375 615 2452 merita3
639 2373 819 2436 benefactis
841 2371 911 2434 data

126 2478 364 2556 Remunerare3
388 2477 569 2559 proximum
589 2494 707 2534 numen
727 2474 800 2534 Deo

125 2579 250 2660 Regem
270 2592 396 2661 putator
418 2577 522 2660 prima
543 2576 584 2637 sit
605 2577 722 2660 legum,
743 2574 829 2636 illius

125 2678 291 2764 Obsequia
314 2680 409 2741 iussis
431 2678 585 2762 pendere,
611 2692 644 2741 et
664 2678 763 2741 rebus
783 2673 889 2736 fidem.

50 2786 107 2838 120
126 2784 209 2842 Tum
231 2780 331 2843 fastus
351 2780 442 2856 absit,
469 2779 585 2842 mentis
606 2776 733 2842 inflatae
755 2791 873 2840 tumor.

124 2885 191 2943 Res
213 2897 262 2944 est
285 2896 426 2965 potestas
448 2881 585 2966 fragilis,
611 2894 644 2943 et
665 2901 777 2964 regum
798 2878 902 2944 favor.

126 2984 401 3066 Supermicentem
422 2982 557 3045 ducibus
583 2984 617 3044 in
638 2983 768 3066 planum
789 2980 871 3044 levis

125 3084 213 3147 Tulit
233 3085 333 3163 hora3
356 3085 496 3168 paullum
518 3105 613 3167 saepe
635 3084 674 3147 ab
697 3083 835 3166 imperio
858 3081 993 3144 interest

125 3186 177 3247 Ad
199 3177 430 3270 supplicantum
452 3186 552 3248 verba
574 3199 607 3247 et
627 3185 749 3247 alienos
769 3183 879 3268 pedes.
944 3264 946 3269 .

44 3297 103 3350 125
123 3288 158 3349 Si
179 3286 317 3373 dignitas
339 3302 391 3351 tua
411 3289 505 3362 laesa,
531 3286 559 3347 si
581 3284 728 3348 damnum
752 3285 866 3360 datum,

122 3392 173 3452 Da
195 3388 289 3453 facile
312 3388 448 3453 veniam.
492 3391 598 3450 Prona
621 3409 700 3472 gens
721 3387 786 3449 labi
808 3407 915 3449 sumus

123 3491 291 3566 Homines,
315 3489 402 3576 quod
422 3490 499 3554 olim
521 3491 644 3574 primus
666 3488 806 3552 ostendit
828 3503 923 3564 sator,

124 3593 253 3657 Furtiva
277 3594 371 3656 vetita
393 3615 486 3676 poma
508 3612 579 3654 cum
596 3591 703 3675 tetigit
725 3614 827 3654 manu.
