2356 4282
333 431 348 461 ⁴⁷
448 446 716 509 Sosuostnsnuss.

152 618 300 700 Vergunt
318 615 452 679 aristae:
474 613 575 679 ssavus
599 624 649 680 e'st
669 616 735 678 illis
757 613 858 679 color.
958 658 961 665 ·

151 718 302 782 Totidem
322 718 380 782 sad
401 718 481 781 alios
503 718 599 783 video
621 719 790 802 contiguos
810 716 891 793 solo,

152 822 287 884 Sitiente
310 824 430 885 culmos
452 821 601 905 mergite,
624 840 788 897 exsuccos,
814 820 912 896 levet,

150 924 240 1020 Quos
262 940 429 987 aestuosus
452 925 530 988 solis
553 923 698 986 exhausit
719 943 830 1007 vapor.

79 1025 131 1080 240
150 1029 193 1088 Et
214 1026 302 1090 virus
324 1027 440 1089 horum
463 1026 588 1089 nobiles
610 1026 716 1109 spicas
737 1041 840 1089 necat.

150 1128 232 1223 Quis
253 1129 314 1191 iste
336 1130 370 1191 in
391 1144 482 1193 ostro
504 1129 578 1191 talia
600 1142 740 1212 aspectat
761 1129 893 1192 iacens?

149 1232 228 1294 Sem.
249 1234 319 1294 Rex
339 1231 429 1313 ipse;
452 1251 587 1316 namque
609 1230 685 1293 huic
706 1231 802 1314 fruge
823 1229 915 1295 felici
935 1230 1055 1298 uberes

151 1337 291 1418 Septem,
315 1347 408 1418 atque
431 1349 552 1417 septem
576 1333 696 1416 segetis
718 1333 872 1397 infaustae
894 1348 982 1399 notet

149 1437 261 1498 Annos
284 1437 403 1499 latente
425 1436 529 1499 noctis
553 1434 668 1519 effigie
689 1438 778 1498 Deus

81 1539 131 1595 2⁴5
151 1537 216 1600 Sed
239 1559 334 1600 nomo
356 1537 459 1600 nodos
480 1538 584 1621 potuit
606 1538 665 1601 hos
686 1540 848 1614 evolvere,

149 1640 220 1704 Nisi
240 1641 306 1718 ille,
333 1662 427 1725 quem
449 1628 508 1703 reis
529 1661 661 1703 carcero
684 1639 833 1703 eductum
854 1640 992 1705 horrido

151 1740 203 1807 Ob
226 1743 261 1805 id
282 1742 457 1806 secundum
479 1742 611 1804 culmini
631 1742 713 1806 fecit
735 1764 803 1806 suo.

148 1845 220 1909 Iud.
241 1847 392 1929 Agnosco
413 1845 534 1928 pictum
555 1844 685 1927 byssino
707 1846 810 1909 cultu:
832 1846 931 1910 trahit

148 1948 301 2010 Eburnus
322 1947 410 2009 illum
434 1967 566 2010 currus:
588 1947 622 2008 in
646 1948 735 2013 laeva
754 1948 849 2011 micat

81 2054 132 2108 250
150 2049 302 2112 Radiatus
323 2038 459 2124 adamas,
485 2050 610 2134 torquis
632 2049 759 2135 insigne
782 2071 915 2114 aureum

148 2152 322 2237 Dependet
343 2152 504 2220 humeris:
525 2173 647 2235 pronus
670 2152 704 2214 in
724 2153 842 2216 faciem
862 2154 972 2216 iacens

147 2254 272 2316 Aderat
293 2253 383 2316 iilum
404 2241 552 2337 populus,
577 2269 609 2318 et
630 2253 740 2316 laudes
761 2255 855 2317 canit.

149 2358 214 2421 Sed
238 2379 318 2442 quae
340 2357 394 2419 illa
416 2357 539 2441 triplici
565 2357 665 2420 classe
689 2355 836 2418 distincta
858 2355 1011 2440 agmins?

148 2460 316 2524 Succinots
338 2461 455 2524 tunicis
476 2460 580 2542 prima
600 2479 692 2540 pars:
716 2479 791 2540 pars
812 2459 911 2522 altera

78 2569 129 2623 255
151 2562 249 2626 Sudat
271 2564 329 2625 sub
353 2562 466 2624 armis:
491 2562 625 2624 carbaso
647 2580 722 2642 pars
744 2560 838 2623 tertia

148 2666 177 2725 A
199 2664 305 2748 capite
326 2662 366 2726 ad
389 2664 470 2726 imos
492 2661 628 2726 candida
651 2661 770 2746 tegitur
792 2660 904 2744 pedes.

147 2768 225 2831 Sim.
246 2767 464 2862 Quosounque
477 2765 614 2849 populos
626 2764 762 2826 claustra
773 2783 947 2847 regnorum
960 2761 1072 2827 Philae

149 2870 308 2933 Cohibent
330 2869 497 2953 attingens
518 2866 611 2929 Nilus
633 2880 664 2928 et
686 2865 752 2927 Nili
774 2886 872 2941 mare,

147 2973 217 3034 Hos
240 2971 349 3034 docuit
371 2968 425 3032 ille
446 2969 480 3031 in
503 2988 623 3052 genera
643 2966 759 3049 partiri
780 2967 852 3041 tria,

77 3081 129 3136 260
147 3075 189 3134 Et
210 3071 394 3134 distributas
418 3070 552 3152 singulis
573 3085 658 3133 artes
682 3068 774 3132 novis
810 3129 813 3136 .

149 3176 248 3240 Auxit
267 3173 420 3258 repertis.
464 3174 515 3234 En
539 3185 681 3234 aratores
703 3171 801 3234 habet

151 3281 230 3345 Sors
251 3279 366 3361 prima,
388 3290 422 3340 et
443 3296 558 3357 operas
578 3275 642 3339 vitu
663 3295 798 3358 quarum
818 3295 880 3336 usu
899 3273 996 3358 viget.

151 3381 341 3444 Monstravit
362 3379 417 3441 ille
437 3399 597 3462 spumeam
618 3375 684 3440 vim
705 3373 847 3438 fluminis

147 3484 307 3546 Attollsre
329 3484 362 3544 in
383 3481 520 3545 sublime
543 3479 696 3543 oirouitse
718 3491 809 3542 rotae

216 3646 252 3703 V·
273 3651 332 3704 257.
368 3641 467 3698 Philae
484 3640 578 3698 insula
594 3620 652 3697 Nili
669 3638 700 3694 in
717 3636 863 3795 Aegypto5
868 3634 1029 3712 superiori.

822 3729 838 3794 1
