2356 4282
125 474 187 544 134
395 481 606 542 Mannennms
629 479 795 545 sannaus.

190 647 302 710 Faciet
324 647 475 732 quietum,
498 649 582 711 nulla
604 669 751 711 securum
773 648 854 711 dies.

189 749 271 812 Nab.
298 749 435 811 Umbras
456 750 589 824 minare,
612 764 737 833 spectra
759 772 840 834 quae
863 750 954 813 caeci
976 748 1083 823 vident,

190 852 274 912 Dum
297 852 356 912 tibi
377 853 519 936 superbo
545 854 625 916 colla
646 852 853 937 prosubigam
875 851 972 936 pede,

193 955 371 1037 Vivumque
392 954 482 1017 vivus
504 954 575 1037 ipse
595 969 668 1037 post
689 975 819 1017 currum
837 955 970 1017 traham.

125 1063 172 1116 105
191 1056 303 1117 Curate
327 1054 448 1129 famuli,
470 1069 534 1119 tota
554 1056 752 1138 Babylonem
776 1075 873 1136 ocyus

190 1161 310 1238 Pompa
330 1170 364 1218 ut
386 1173 553 1240 sequatur3
576 1159 638 1220 iste
662 1171 864 1241 praetentans
885 1156 970 1219 viam

189 1261 310 1323 Baculo
332 1260 436 1334 senili,
459 1260 569 1322 currui
590 1259 755 1321 adiunctus
777 1280 862 1334 meo,

190 1362 344 1425 Diadema
365 1362 442 1425 victi
462 1363 626 1447 praeferat
647 1363 734 1446 regis
756 1376 873 1424 notam.

189 1465 263 1528 Sed.
289 1467 357 1538 lbo,
380 1464 446 1538 ibo,
468 1486 582 1548 magne
605 1464 728 1540 ductor,
753 1478 784 1525 et
804 1463 925 1526 fortem
945 1485 1077 1536 manum,

123 1569 173 1621 110
192 1566 381 1650 Clarumque
402 1565 525 1627 facinus
542 1565 633 1627 hisce
654 1566 796 1627 testabor
815 1564 911 1626 notis.

190 1668 310 1728 Adeste
332 1668 455 1751 populi,
479 1688 621 1751 quosque
646 1666 792 1728 sublimis
812 1665 906 1730 videt

190 1768 302 1832 Mundi
325 1773 444 1833 Bootes
465 1769 629 1831 cardinem
650 1770 797 1852 ignavum
819 1788 984 1850 premens,

190 1876 232 1934 Et
256 1872 346 1956 queis
368 1887 532 1954 perustum
554 1871 707 1932 verticem
727 1870 879 1932 Phoebus
901 1886 973 1934 rote

190 1975 350 2056 Propiore
372 1975 499 2056 crispat.
523 1975 634 2034 Nullus
654 1974 733 2034 hacc
755 1987 858 2034 taceat
879 1972 970 2053 dies3

123 2084 171 2138 115
188 2075 341 2159 'l'otisque
363 2077 476 2137 saeclis
498 2075 622 2137 audium
645 2074 758 2136 infelix
780 2088 882 2156 pater,

188 2179 273 2238 Dum
295 2191 327 2239 tu
350 2191 510 2258 tyrannus.
534 2177 638 2250 Adsit,
660 2190 691 2237 et
710 2174 828 2238 vindex
849 2191 951 2250 notet,

190 2282 262 2374 Quo
283 2295 315 2342 te
336 2281 494 2342 minorem
516 2301 632 2364 gerere
653 2278 822 2353 detrectas,
844 2281 945 2356 Deus,

190 2385 352 2466 Suumque
375 2397 482 2444 servet
504 2383 618 2445 liberis
640 2383 768 2464 epulum
789 2381 862 2443 tuis.
