2356 4282
98 481 161 546 222
498 482 618 542 Guoru

100 655 149 704 150
169 648 233 710 Sed
256 649 341 710 ethi
361 662 465 710 tamen
488 664 672 730 pascantur:
701 662 733 709 et
755 669 850 731 quam
871 646 1018 709 facinore

167 754 306 812 haesere
330 750 402 812 diro
424 751 567 833 patriam,
592 750 738 831 exemplo
760 751 882 822 iuvent,

167 854 419 935 spectaculoque
442 851 592 913 miseriae
614 850 741 932 prosint
763 848 829 910 diu.

166 956 229 1015 Fac
251 954 309 1014 ista
331 973 436 1014 eures.
482 953 572 1046 Quae
593 950 720 1013 domum
742 965 887 1034 spectant
907 970 1020 1023 meam,

169 1058 234 1117 Iam
256 1073 354 1137 pauca
379 1073 439 1135 ego
460 1055 544 1114 intus
565 1050 647 1114 fidae
669 1054 790 1136 loquar.

509 1305 607 1354 Iudas.
634 1304 748 1354 Simeon.

102 1473 149 1523 155
167 1455 265 1529 Proh,
289 1459 390 1539 qualis
412 1459 483 1532 iste,
505 1458 624 1530 simeo,
647 1455 714 1517 vir!
739 1476 831 1538 quam
852 1452 992 1536 provide

168 1558 286 1619 Cuncta
309 1558 478 1635 ordinavit,
506 1581 598 1643 quam
620 1555 829 1639 peraequavit
851 1555 936 1615 bene

168 1659 332 1740 Supplicia
353 1660 486 1736 meritis,
519 1662 599 1721 iuris
621 1678 657 1720 ac
678 1657 762 1719 recti
783 1656 894 1718 tenax!

168 1759 245 1821 Sua.
269 1761 377 1822 Talem
401 1762 456 1823 diu
478 1763 539 1824 iam
561 1761 666 1834 rideo,
689 1781 751 1841 pro
772 1758 864 1822 vobis
888 1779 950 1842 ego

169 1864 253 1921 Dum
275 1883 389 1924 servor
409 1865 515 1925 obses.
562 1865 664 1945 Saepe
687 1874 878 1944 conspectus
900 1860 983 1921 mihi

101 1982 150 2035 160
171 1962 303 2036 Sedere,
331 1980 362 2025 et
386 1986 505 2049 aequus
526 1966 625 2048 partis
647 1965 812 2048 utriusque
837 1962 961 2026 arbiter

169 2061 292 2124 Audire
315 2065 439 2146 patiens
462 2066 563 2126 dicta:
584 2086 645 2127 nee
665 2064 767 2126 verbo
790 2064 866 2138 levi,

169 2166 236 2225 Nec
258 2185 316 2226 ore
337 2180 440 2227 motus
461 2167 603 2248 prodere
626 2166 781 2226 indicium
805 2166 864 2226 sui.

170 2265 305 2329 Valebat
326 2267 383 2329 illo
406 2269 534 2329 testium
555 2267 613 2329 sub
635 2267 742 2328 iudice

170 2366 266 2427 Fides
288 2368 389 2450 magis
412 2388 504 2451 quam
527 2389 695 2429 numerus:
720 2380 750 2428 et
771 2369 861 2429 testis
883 2369 991 2430 locum

103 2486 151 2538 155
172 2467 325 2551 implebat
348 2484 420 2531 ante
442 2470 505 2532 vita
528 2491 608 2553 quae
631 2471 735 2531 fuerat
757 2470 817 2530 rei.

168 2573 290 2653 Legum
312 2569 458 2633 studebat
481 2573 633 2655 persequi
654 2592 808 2643 normam,
832 2571 896 2631 nisi

171 2670 326 2732 Suaderet
347 2672 469 2754 aliquid
491 2673 639 2735 tristibus
661 2671 830 2735 clementia

170 2773 350 2834 Detrahere
372 2776 497 2856 poenis,
518 2796 582 2836 non
607 2790 713 2835 tamen
735 2774 782 2836 sie
803 2774 917 2836 lenitas

169 2874 270 2935 Nimis
292 2891 326 2936 ut
348 2876 447 2937 soluta
471 2876 616 2938 demeret
638 2878 722 2938 vitiis
745 2891 873 2939 metum.

105 2979 240 3046 1701ud.
263 2977 350 3070 Quid
371 2998 442 3039 esse
465 2977 578 3052 dicam,
602 2977 688 3061 quod
709 2978 983 3060 Sophompaneas‚
1005 2976 1069 3040 heri

169 3078 234 3138 Nos
257 3078 408 3159 hospitali
429 3078 536 3160 largus
559 3080 724 3161 excipiens
748 3078 840 3161 dape,

170 3181 252 3252 Hoc,
277 3199 371 3262 quem
395 3179 483 3240 dedit
502 3196 622 3255 natura,
646 3181 803 3263 disposuit
823 3179 920 3241 loco?

169 3281 247 3343 Sim.
268 3280 350 3341 Mihi
371 3280 480 3355 crede,
504 3281 590 3364 quod
613 3297 656 3357 tu,
681 3281 792 3356 irater,
817 3280 971 3341 eximium
989 3295 1082 3363 putas,

170 3383 337 3443 Minimum
359 3396 408 3444 est
428 3383 463 3444 in
482 3383 557 3461 illo;
582 3405 693 3468 magna
717 3384 765 3445 vis
790 3383 878 3444 illum
901 3384 967 3444 Dei

103 3483 316 3567 1751nspirat‚
342 3498 385 3558 et,
407 3506 487 3567 quae
510 3507 574 3546 non
595 3487 674 3549 valet
694 3506 784 3546 mens
807 3486 936 3567 assequi
