2356 4282
497 478 669 544 Sunncue.

78 664 104 716 tt
122 646 189 745 Qui
211 648 366 733 probrum
389 648 422 710 in
442 669 536 711 omne
557 649 637 733 legit
657 648 814 711 leucidum
837 669 949 733 genua.

122 754 178 815 Nil
200 752 429 814 fulminandum
452 767 509 825 eat,
536 754 623 814 solus
646 771 664 813 e
689 767 774 815 tanto
796 772 917 815 nocens

122 856 248 938 Populo
271 876 450 938 supersum,
473 856 593 917 certius
614 856 712 919 telum
736 855 794 917 bae
816 877 910 918 manu

123 961 160 1018 ln
181 978 234 1019 me
255 958 404 1020 vibrabo.
427 957 513 1021 Arm.
537 961 652 1041 Magne
676 979 745 1031 rex,
768 958 840 1041 quis
862 973 896 1021 te
918 959 1012 1025 dolor

123 1059 202 1142 Agit
223 1060 442 1142 impotentem,
464 1061 548 1122 vitae
572 1074 607 1122 ut
626 1060 769 1143 ingratus
791 1074 861 1122 tuae

79 1181 104 1232 ,0
122 1163 230 1224 Deum
252 1163 410 1225 lacessas?
453 1163 526 1226 Seu.
556 1167 598 1227 Ut
619 1164 785 1227 lacescitur
807 1165 923 1228 malum

123 1264 226 1325 Malus
247 1264 317 1347 ipse
342 1264 471 1348 perdat:
495 1264 567 1328 diro
589 1280 625 1327 ut
646 1281 777 1347 aspectu
798 1266 884 1330 levet

97 1412 100 1417 .
124 1366 254 1427 Caelum
275 1381 369 1449 atque
391 1381 505 1429 terras.
549 1368 636 1429 Arm
661 1370 762 1430 Parce
786 1369 910 1432 vesania
933 1369 1019 1432 diem

124 1469 295 1530 Scelerare
317 1468 440 1544 verbis,
468 1484 563 1552 teque
586 1463 698 1552 pietati
720 1468 819 1530 reler.

123 1574 214 1632 Haeo
236 1572 304 1654 ipsa
327 1572 443 1633 luimus
468 1572 608 1649 scelera3
632 1571 770 1634 delirant
790 1571 898 1647 duces,

79 1689 104 1739 t5
123 1674 300 1736 Plectimur
322 1673 477 1736 Hebraei.
521 1677 644 1757 Nempe
669 1674 696 1736 ai
719 1675 848 1737 monitio
869 1674 959 1738 soree

125 1778 238 1839 Vatum
260 1778 442 1850 obsecutus,
469 1778 553 1840 salta
576 1797 659 1839 nunc
682 1792 779 1840 staret
806 1778 883 1840 Sion

127 1879 318 1961 starentque
332 1879 487 1958 Solymae.
513 1879 594 1942 Sed.
621 1879 710 1977 Quos
723 1879 801 1941 milri
814 1895 902 1943 vetes
914 1879 1023 1943 canis?

125 1980 243 2043 Oracla
271 1979 366 2042 dubia
389 1996 496 2044 nostra
517 1983 578 2043 iam
602 1996 711 2043 nutant
732 1981 795 2043 fide

124 2083 334 2166 Pugnantque
357 2103 482 2145 aecum:
505 2084 620 2160 vincla,
647 2082 843 2164 Babylonem
865 2086 992 2148 occinit.

80 2186 108 2241 30
127 2185 214 2245 Hine
235 2185 406 2262 Ieremias3
432 2184 508 2246 inde
529 2185 723 2266 Babylonem
745 2186 825 2248 mibi

124 2287 271 2370 Unquam
295 2285 465 2347 videndam
487 2302 597 2369 eaptus
619 2288 775 2350 Ezechiel
796 2304 911 2373 negat3

124 2390 269 2472 Uterque
291 2402 389 2462 vates,
412 2390 508 2451 sortia
528 2405 691 2453 auctorem
713 2396 839 2453 Deum

124 2494 266 2574 Uterque
290 2492 392 2554 iactat.
418 2493 504 2554 Arm.
528 2495 654 2569 Fateor,
681 2508 714 2555 et
736 2494 854 2557 dudum
876 2498 995 2562 haereo

124 2596 252 2655 Mecum
275 2594 346 2676 ipse
367 2593 423 2655 fati
446 2593 562 2656 dubius
585 2595 746 2676 interpres
768 2598 832 2674 tui;

80 2699 108 2755 u
126 2695 244 2758 Oracla
265 2695 324 2757 aed
347 2717 428 2779 quae
450 2697 537 2759 clusa
558 2697 723 2780 perplexis
745 2697 846 2761 latent

124 2801 249 2864 Vocum
272 2798 458 2874 involucris,
482 2801 550 2882 ipsa
572 2821 634 2882 per
653 2821 762 2861 rerum
785 2800 944 2883 explicant

124 2902 247 2965 Eventa
270 2922 361 2964 aeae:
385 2901 458 2963 dum
480 2916 583 2964 tamen
605 2922 676 2964 sora
697 2899 826 2964 fluctuat

124 3004 259 3076 Incerta,
283 3002 311 3064 ai
333 3002 408 3064 dant
430 3004 503 3078 fata,
532 3002 712 3088 quaerenda
734 3019 784 3066 eat
806 3004 905 3066 salus:

124 3105 202 3165 Nam
223 3123 280 3167 cur
300 3105 436 3167 salubris
455 3107 572 3168 consili
594 3120 712 3169 tantum
733 3105 844 3189 piget?

81 3207 110 3263 70
127 3207 234 3268 Furor
255 3221 303 3268 est
323 3223 467 3291 apertum
488 3229 585 3270 ruere
609 3209 643 3270 in
663 3209 796 3272 exitium
816 3208 929 3291 palam.

128 3346 337 3361 —n—-u-n*

196 3440 232 3491 V.
250 3441 294 3498 56.
313 3437 398 3492 Sion
417 3453 543 3492 summus
558 3437 745 3508 Solymorum
763 3434 855 3506 collis,
872 3436 900 3491 ln
911 3452 971 3511 quo
984 3447 1055 3492 tem-

127 3525 210 3598 plum
226 3536 254 3578 et
273 3541 324 3578 arx
343 3526 431 3596 regia.

198 3630 234 3682 V.
255 3633 297 3686 65.
316 3628 426 3684 Clusa
441 3630 460 3685 i.
480 3647 508 3702 q.
528 3630 632 3684 clauae.
653 3626 697 3684 Cf.
716 3628 818 3685 senec.
838 3629 943 3685 Troad.
960 3635 1019 3688 tlt.
