2356 4282
519 438 662 501 Srssnas.
721 492 725 499 ,

122 590 222 686 Quod
241 605 304 655 tum
326 589 477 655 secundis
497 590 596 655 rebus
618 589 770 655 audacem
792 593 892 656 lsrael

122 694 267 759 Lacessit
287 696 423 769 hostem,
449 715 606 779 quamque
628 709 741 758 nostro
761 709 910 778 tempore

71 807 107 860 45
126 801 202 861 'Pam
224 818 288 860 uon
311 818 369 861 suo
391 796 480 881 quod
502 812 574 861 ante
597 797 745 861 sustinuit
767 798 876 882 iugum

122 897 277 961 Abiicere
298 898 475 981 properat?
518 901 590 961 Non
613 911 658 961 tot
679 898 838 983 insignem
861 900 975 963 ducem

121 1000 282 1063 Timuisse
305 999 440 1083 spoliis?
483 1002 583 1064 Causa
603 1000 747 1064 tentandi
771 1000 897 1065 subeat:

118 1104 180 1164 Est
201 1101 331 1188 aliquid.
376 1103 472 1166 Haud
495 1125 529 1165 se
550 1105 605 1166 hic
626 1104 760 1198 protulit
781 1117 901 1168 temere
924 1107 1028 1170 furor.

118 1205 222 1268 Nimis
243 1205 296 1268 illa
317 1227 435 1269 vereor
456 1206 593 1282 numina,
621 1209 784 1293 Aegyptus
805 1208 899 1292 prior

65 1322 101 1374 50
122 1309 213 1400 Quae
238 1308 366 1369 tremuit
388 1323 521 1393 atquae
544 1309 644 1372 sensit
666 1330 702 1372 ac
721 1325 847 1374 nosmet
867 1311 924 1374 diu

119 1409 313 1473 Pertulimus
334 1410 406 1494 ipsi.
450 1410 541 1472 Bella
563 1413 693 1474 tractari
715 1410 845 1480 vetem?
887 1439 889 1443 ·

117 1516 192 1575 Hoc
213 1533 331 1598 aequus
354 1513 408 1574 ille
430 1511 553 1596 capiat?
597 1513 659 1576 hoc
681 1515 773 1578 miles
795 1517 872 1579 novi

120 1613 253 1677 Cruoris
273 1612 404 1675 avidus?
448 1615 577 1709 Quippe
600 1614 765 1678 districtus
787 1619 887 1680 semel

121 1716 183 1780 Vix
202 1716 362 1800 premitur
384 1716 481 1795 ensis,
511 1718 582 1781 sors
604 1716 660 1780 ubi
681 1717 819 1801 inceptis
841 1719 928 1783 lavet

63 1838 98 1891 55
118 1818 313 1903 Operaeque
329 1818 469 1903 pretium
484 1834 541 1881 est.
565 1820 711 1883 Hoccine
726 1835 760 1882 ut
774 1821 932 1904 Princeps
944 1820 1048 1888 ferat?

116 1917 170 1982 Nil
195 1921 229 1982 in
250 1921 390 1984 rebelles
413 1922 548 1989 statuat?
591 1924 632 1984 At
652 1925 736 1985 lenta
757 1937 864 2008 potest

116 2028 267 2108 Regnare
290 2022 409 2086 dextra.
456 2027 563 2088 Mitius
586 2041 713 2111 gentem
736 2042 876 2111 premat:

116 2126 250 2189 Parebit
272 2141 304 2191 et
325 2150 359 2191 se
384 2143 495 2211 sponte
520 2129 694 2192 dominanti
718 2128 814 2192 dabit.

116 2231 208 2291 Nunc
229 2228 277 2290 ira
301 2245 332 2293 et
351 2230 455 2293 hostis
475 2230 618 2293 insolens
640 2231 776 2296 victoria

64 2340 100 2394 60
119 2331 303 2417 Tristisque
325 2347 460 2416 egestas,
488 2354 633 2418 quaeque
655 2348 687 2396 et
709 2333 855 2397 imbelles
878 2335 943 2398 ciet

116 2433 228 2508 Feras,
254 2433 382 2496 abactae
404 2435 507 2519 prolis
528 2437 632 2500 irritat
653 2436 758 2499 dolor.

117 2534 182 2596 Sed
201 2535 408 2618 temperanda
427 2538 507 2598 haee
535 2536 618 2600 odia.
661 2539 752 2601 Nunc
778 2559 890 2624 regem
910 2539 1045 2625 aggredi

116 2637 274 2701 Decrevit
295 2638 428 2715 animus,
462 2655 570 2702 nostra
592 2641 665 2702 dum
688 2641 721 2703 in
744 2656 811 2704 tuto
834 2656 970 2705 manent.

115 2743 183 2802 Nec
205 2760 257 2802 me
277 2742 355 2804 latet
376 2762 469 2826 quam
491 2742 629 2806 tumidus
653 2758 685 2805 et
707 2743 844 2827 sceptris
866 2743 962 2806 ferox

66 2846 99 2902 65
117 2841 268 2906 Difficile
290 2845 447 2928 Princeps
469 2866 543 2907 sana
566 2845 700 2908 consilia
722 2845 838 2920 audiat,

117 2946 223 3042 Quam
244 2944 348 3020 audita
368 2962 490 3011 renuat.
538 2950 588 3010 ira
609 2948 666 3010 ubi
689 2948 857 3013 adversum
878 2949 975 3013 trahit

116 3053 257 3112 Mentem
279 3062 331 3112 aut
351 3049 480 3135 cupido,
507 3049 651 3136 quisquis
674 3049 845 3115 adnutum
866 3050 956 3139 loqui

115 3150 250 3228 Didicit,
272 3153 421 3216 secundis
444 3155 575 3216 auribus
596 3168 663 3217 tuto
686 3153 815 3238 ingerit.

117 3252 182 3319 Sed
206 3278 257 3321 me
279 3258 388 3320 salutis
410 3277 486 3321 eura
508 3272 541 3322 et
563 3255 711 3341 obsequii
731 3255 822 3335 fides,

62 3356 101 3418 70
119 3359 180 3426 Vel
203 3358 231 3420 si
252 3374 435 3422 mouentem
455 3360 609 3444 pervicax
630 3359 783 3423 famulum
802 3359 888 3423 haud
912 3362 1040 3445 probet,

118 3462 294 3525 Consulero
315 3463 438 3546 patriae
460 3463 565 3548 cogita
587 3463 631 3525 At
653 3482 764 3524 saevus
786 3461 918 3546 gradum

115 3563 291 3649 Rebusque
315 3565 414 3650 gestis
436 3565 542 3628 alacer
564 3564 760 3649 adproperat
779 3565 868 3629 Sisar

818 3670 839 3735 2
