2356 4282
99 467 162 535 118
452 469 660 529 unnim

170 638 315 699 Incertus
335 656 442 710 surse,
467 635 538 697 vela
560 633 595 695 in
616 632 748 715 ancipiti
767 646 868 695 tenet.

167 739 287 798 Iterum
309 735 436 798 efferati
457 734 545 816 regis
566 733 757 797 indomitum
777 753 878 814 prece

167 840 287 901 Lenire
309 854 421 922 pectus
442 838 571 922 genitor
593 836 708 898 infelix
729 850 831 919 perat,

168 942 342 1024 Positoque
363 955 454 1002 notos
475 939 598 1022 poplite
620 937 746 1001 advolvi
767 938 867 1000 iubet.

101 1049 150 1102 120
172 1045 211 1104 At
233 1063 309 1104 ecce
333 1044 445 1104 {osiam
467 1040 645 1124 supplicem
666 1040 784 1101 frustra
807 1041 909 1102 semel

168 1145 272 1207 Pudet
294 1145 411 1222 suisse3
435 1143 553 1206 decora
577 1142 732 1205 maiorum
754 1162 838 1224 puer

168 1249 341 1331 Pictosque
363 1247 467 1309 vultus
489 1246 603 1319 cernit,
625 1260 658 1307 et
677 1244 800 1307 iaciunt
822 1262 881 1306 suo

169 1350 305 1410 Animos
325 1347 446 1429 nepoti.
490 1347 590 1411 Liber
611 1346 653 1408 ad
676 1358 786 1409 menes'
807 1345 868 1407 tibi

154 1451 307 1515 ¹Genitor
329 1450 482 1533 praeib03
504 1448 563 1511 sed
585 1448 683 1511 decus
703 1447 804 1530 spreti
825 1446 929 1509 ferun

101 1562 150 1613 125
169 1558 295 1614 Mecum
317 1551 450 1633 tyranni.
476 1551 580 1624 Dixit,
602 1563 634 1612 et
653 1551 763 1633 iugulo
786 1568 901 1611 necem

168 1654 284 1717 Hausit
306 1654 355 1716 sui
377 1674 520 1728 securus,
547 1651 694 1714 eductum
714 1671 814 1713 cruor

169 1758 306 1818 Ferrum
329 1768 455 1817 secutus
479 1754 612 1818 vulnere
635 1754 761 1837 ingenti
781 1750 862 1827 fluit,

169 1859 285 1919 Donec
306 1871 437 1939 recepta
459 1871 562 1919 morte
583 1856 757 1937 procubuit
776 1855 856 1927 solo,

169 1959 333 2042 Humique
355 1958 443 2020 fesso
463 1958 584 2019 lumine
607 1957 777 2041 requirens
800 1970 924 2040 patrem

103 2074 152 2127 130
173 2060 263 2126 Vidit
282 2076 465 2142 tyrannum:
489 2059 579 2134 vidit,
606 2074 638 2120 et
658 2059 800 2120 moriens
820 2078 949 2141 quoqne

170 2170 283 2236 Vultus
303 2167 447 2230 retorsit.
493 2166 632 2229 Tristius
653 2166 752 2228 letum
772 2165 852 2227 haec
874 2163 952 2228 fecit

169 2271 277 2333 Pietas
298 2269 444 2352 parenti:
466 2268 580 2329 nititur
601 2267 720 2330 frustra
742 2267 807 2328 suis

171 2376 301 2455 Pugnan
323 2370 454 2444 eatenis,
471 2383 584 2454 pectus
607 2370 720 2432 insano
742 2368 842 2452 gemit

170 2473 267 2534 Ferri
288 2472 345 2532 sub
370 2473 444 2546 ictu,
467 2472 593 2534 vincula
613 2470 701 2555 quod
723 2492 820 2532 unum
841 2469 958 2530 sinunt.

103 2588 153 2640 135
169 2576 256 2636 Hinc
279 2573 424 2657 trepidus
446 2573 562 2646 infans,
585 2574 717 2635 territus
736 2572 847 2634 fratris
867 2591 959 2645 nece,

170 2676 310 2738 Lictoris
332 2676 401 2758 ipse
422 2688 511 2737 veste
531 2675 673 2737 contexit
693 2688 802 2756 caput:

171 2779 379 2840 Marmaricus
401 2790 435 2838 ut
456 2797 528 2838 curn
548 2777 687 2859 perculit
708 2789 788 2839 totas
811 2777 863 2838 leo

172 2883 250 2943 Cum
273 2899 405 2941 nemore
428 2880 543 2951 caulas,
566 2877 667 2961 gudiit
689 2878 853 2941 fremitum
875 2899 985 2960 pecus,

172 2985 342 3066 Minorque
364 2997 455 3044 tenro
477 2983 571 3045 turba
591 2982 795 3064 congeminat
814 2982 910 3044 latus:

104 3093 154 3146 110
172 3082 340 3147 carnificis
363 3084 452 3145 illino
475 3084 555 3145 alter
577 3083 726 3146 observet
747 3105 873 3145 manum

172 3186 386 3269 strictumque
408 3185 541 3261 ferrum,
568 3186 716 3248 conscius
738 3185 872 3249 fratrem
894 3184 959 3247 sibi
1066 3220 1068 3226 ·

172 3293 272 3352 Unum
296 3288 425 3351 anteire.
457 3290 585 3371 Spectat
606 3301 639 3350 et
660 3288 757 3372 longo
779 3289 898 3373 impius

172 3398 241 3454 Rex
265 3392 388 3453 scelere
411 3393 545 3476 goudet3
568 3411 650 3454 neve
673 3391 849 3455 disiunctus
867 3414 982 3473 porum

173 3493 274 3554 Primi
296 3492 454 3558 secundus
476 3495 590 3556 obruat
611 3510 739 3555 sensnm
758 3492 864 3566 dolor,

107 3605 155 3658 115
174 3596 349 3678 Dispensat
372 3595 436 3659 iras
458 3597 573 3672 lentus,
599 3607 629 3656 et
651 3594 754 3681 spetio
776 3614 890 3659 necem
