2356 4282
496 430 667 493 Sarnous.

71 601 98 654 1⁰
117 599 251 663 Scilicet
273 599 350 663 olim
371 597 457 661 bellu
477 614 632 684 moveret,

116 703 246 765 Patriae
269 723 427 787 quaerens
450 702 506 765 ubi
527 701 612 764 forte
634 703 736 778 locus,

119 804 289 890 Sortisque
312 826 436 867 mernor
456 826 549 888 quam
569 824 664 866 nosse
686 802 807 887 nequit.
855 805 857 809 ’

119 905 156 967 Si
176 921 283 968 tamen
303 926 439 990 aequum
458 906 574 969 tollere
598 926 711 968 censes

119 1006 288 1102 Quidquid
309 1007 412 1091 possit
432 1008 531 1069 metui
554 1007 723 1092 quondam,

71 1111 100 1163 15
119 1113 163 1172 Et
182 1109 268 1201 idem
289 1109 406 1172 iustum
427 1123 591 1194 tutumque
612 1125 722 1193 putaa3

121 1211 373 1299 Evilme'rodaoh
396 1213 617 1297 reliquamque
639 1226 711 1274 tuae

121 1317 219 1396 Spem
241 1306 326 1377 tolle
341 1313 472 1377 domus:
496 1315 557 1376 hao
579 1316 651 1397 lege
673 1314 760 1386 licet,

118 1417 221 1479 Metui
241 1429 392 1500 possunt3
416 1436 533 1498 nempe
556 1415 707 1495 Assar-ius

120 1523 190 1584 Rex
213 1516 433 1589 Sennacherib
456 1518 587 1600 (dignus
609 1517 648 1579 ab
670 1516 727 1579 illo
749 1535 786 1578 es

70 1624 104 1678 50
121 1620 251 1683 Tertius
270 1619 384 1696 heres)
408 1621 550 1704 iugulum
572 1602 655 1682 uatis

120 1721 225 1785 Dedit
245 1704 408 1800 inoautu03
433 1742 574 1806 quasque
596 1720 722 1783 colebat

122 1824 268 1886 Cernuus
288 1844 371 1898 aras,
396 1822 525 1887 victima
544 1821 646 1884 maior

123 1923 286 2008 Sanguine
309 1918 435 2007 sparsit.

165 2026 292 2086 Parcite
314 2022 419 2106 longia
439 2024 533 2085 turba
555 2021 715 2106 querelis:

70 2134 105 2187 55
124 2124 221 2208 Fugit
242 2124 367 2186 ardenti
389 2124 471 2188 levis
493 2123 572 2186 hora
594 2137 674 2196 rota,

123 2231 192 2290 Nec
212 2226 277 2287 nisi
298 2226 409 2288 furtim
431 2227 509 2287 licet
530 2246 600 2287 esse
622 2211 695 2307 piis.

124 2326 279 2391 Conferte
302 2348 377 2389 auoa
399 2327 502 2389 losiae
524 2327 653 2400 fratrea,

124 2431 283 2512 Donaque
303 2428 424 2489 tumulo
447 2426 563 2489 mittite
585 2425 712 2508 raptim,

124 2530 240 2624 Qualia
261 2529 373 2591 deceat
392 2528 519 2590 mittere
541 2541 665 2608 captas3

69 2642 109 2696 ῐ60
126 2636 199 2696 Non
218 2652 298 2716 quae
323 2630 459 2713 Solymis
480 2629 634 2691 stantibus
655 2626 733 2690 olim

124 2733 283 2797 'liaberet
303 2751 438 2814 pompae
460 2730 570 2814 regius
591 2727 683 2791 ordo.

169 2833 266 2896 Parvi
288 2854 307 2894 o
330 2852 449 2906 manes,
474 2831 550 2914 puri
573 2853 592 2893 o
613 2848 733 2902 munes,

126 2934 332 3017 Umbraeque
352 2932 434 2994 nihil
455 2933 536 2994 lucia
559 2944 701 3015 egenter,

125 3037 219 3100 Laeti
240 3036 280 3097 ad
302 3037 411 3118 plures
433 3034 477 3096 ite
501 3033 656 3114 lsaoidae3

69 3150 110 3205 too
129 3143 186 3212 lte,
211 3151 243 3199 et
263 3157 401 3220 proavos
424 3135 518 3197 visite
539 3156 645 3218 reges.

169 3239 258 3303 Nihil
280 3238 319 3299 ad
339 3238 435 3299 innuo
457 3236 609 3299 conferre
631 3234 704 3318 pius

127 3342 267 3407 Genitor
288 3339 391 3423 potuit
412 3339 517 3401 carius
540 3337 626 3399 istis:

127 3443 226 3513 Oculi
246 3455 374 3504 nostrae
395 3439 501 3502 sidera
521 3438 637 3523 gentio,

128 3543 278 3610 Geminis
299 3540 384 3626 pulsi
406 3539 536 3604 aedibus
559 3540 667 3614 orbes,

739 3725 742 3731 ,
831 3630 852 3700 9
