2356 4282
499 468 670 533 manus.

71 649 110 703 05
170 634 300 698 Somnia
323 651 411 700 vates
433 636 535 700 delire
555 637 617 699 tibi

125 738 252 801 Ceeinit
272 738 419 815 blandus,
442 740 640 825 nimiumque
661 736 775 806 favens

126 842 258 905 Seelera
279 841 420 904 obtexit:
444 864 539 905 nemo
561 841 705 905 salubres

127 943 273 1006 Gemitus
296 943 406 1018 movit,
429 943 545 1028 quibus
566 944 728 1008 infensum
791 984 793 988 ⁴

124 1046 266 1110 Provida
287 1068 401 1131 posses
427 1044 560 1110 flectere
579 1050 711 1111 Numen.

70 1160 110 1216 lo
126 1150 200 1211 Tibi
219 1150 352 1214 Niliacis
373 1149 475 1214 affore
496 1149 535 1212 ab
559 1152 628 1214 oris

128 1251 314 1335 spondebat
334 1274 439 1336 opem,
461 1251 522 1315 tibi
545 1251 719 1316 Chaldaeae

126 1361 229 1419 Marte
253 1355 394 1418 secundo
416 1355 540 1439 pellere
562 1368 700 1433 turmas;

127 1457 192 1521 Sed
215 1479 271 1540 spe
293 1458 445 1520 miseram
464 1455 659 1531 lusitineni.
740 1507 742 1510 ,
845 1524 848 1529 ,

168 1563 260 1622 Nunc
282 1559 337 1644 qui
360 1561 505 1640 Solymae
529 1558 669 1641 collapsa
689 1555 778 1622 videt
865 1596 868 1601 -

70 1673 107 1730 tlt
126 1666 226 1725 Tecta
248 1662 363 1737 viator,
388 1663 535 1726 manibus
556 1662 703 1745 plausum

125 1766 271 1828 Geminis
295 1765 381 1828 tollit
402 1780 589 1849 mutansque
613 1779 716 1848 eaput,

124 1868 222 1931 lllane
245 1868 373 1949 Solyma
395 1882 443 1931 est
463 1868 594 1942 nobilis,
618 1867 731 1951 inquit,

125 1974 186 2033 Tot
208 1971 400 2053 populorum
423 1970 514 2054 regia
537 1968 666 2031 nutrix?

124 2072 222 2135 lllane
245 2073 366 2135 ocellus
387 2071 561 2155 mundique
583 2070 703 2133 decus?

70 2187 108 2248 320
167 2174 295 2236 lnhiant
319 2173 433 2256 patulis
454 2173 590 2236 rictibus
611 2173 732 2246 hostes,

125 2278 254 2339 Acuunt
274 2275 397 2358 pressis
418 2274 570 2338 dentibus
593 2276 658 2337 iras

125 2379 335 2462 Stridentque
357 2376 433 2453 feri,
467 2378 561 2441 sibila
583 2378 713 2442 vibrant

123 2483 249 2566 Anguis
272 2481 311 2543 ad
332 2481 443 2543 instar.
466 2480 609 2554 Celeres,
631 2479 728 2555 aiunt,

124 2584 252 2646 Currite
276 2582 367 2657 socii,
388 2582 491 2664 rapite
512 2581 660 2645 incensas

70 2689 105 2744 bt
124 2684 222 2749 Avidi
246 2685 399 2766 Solymus,
424 2683 542 2748 vertite
563 2685 604 2746 ab
627 2682 704 2747 imo.

125 2789 287 2883 Quantum
308 2786 466 2850 Isacidum
489 2801 548 2861 est,
573 2783 703 2849 Medum
723 2783 904 2866 agminibus

125 2891 284 2984 Quantula
305 2889 425 2973 praeda
447 2887 518 2952 est?
539 2891 591 2950 En
610 2887 665 2949 illa
687 2884 775 2955 diss¹
824 2928 827 2933 -

124 2991 240 3055 Ultima
262 2991 436 3067 Hebraeis,
459 2991 542 3055 festa
562 2990 706 3071 Assyriis

125 3094 271 3158 Tandem
293 3093 407 3155 illuxit.
433 3097 524 3156 Bene
545 3092 657 3156 habete
679 3091 763 3155 votis
824 3148 827 3154 .

71 3205 105 3261 30
123 3201 245 3260 Lucem
266 3195 460 3279 adspicimus
481 3194 569 3259 mille
589 3194 722 3278 petitam
795 3252 798 3257 .

123 3301 191 3360 Per
211 3312 274 3360 tam
295 3296 384 3380 longi
406 3294 513 3362 taedis
531 3294 622 3358 betti.

168 3399 399 3497 'Quaecumque
421 3398 511 3461 Deus
533 3396 595 3461 tibi
615 3394 688 3470 sats,
706 3392 805 3468 Sion,
855 3445 856 3449 ,
971 3408 987 3455 .’

127 3503 283 3564 Sanxerat
304 3500 391 3575 olim,
417 3516 499 3583 quae
518 3518 672 3581 praesaga

125 3607 267 3669 Fuerant
286 3617 375 3671 vates
397 3615 503 3670 mente
519 3600 636 3678 locuti,

769 3682 789 3750 t
