2356 4282
149 444 192 514 58
543 447 683 513 Puram

218 612 356 679 Defessa
373 635 471 678 cursu
490 637 605 701 genua.
626 617 693 682 Sed
714 617 841 704 siquid
861 617 950 682 domi
971 632 1023 682 est

218 717 347 794 Laticis,
372 719 518 804 propina.
542 723 659 785 Torret
681 721 835 785 exhausto
856 720 927 784 sitis

153 831 203 886 too
220 822 366 883 Humore
387 837 508 907 pectus,
531 843 587 886 ora
610 844 671 886 nec
693 826 766 888 roci
788 838 913 907 patent:

220 922 302 986 Mihi
322 923 448 1006 lympha
469 939 579 988 nectar
598 925 713 988 sueritt
735 925 817 988 hanc
838 946 899 1009 per
920 939 954 988 te
976 923 1049 986 dari

220 1025 366 1088 Animam
387 1024 524 1088 fatebor.
546 1029 615 1090 lala.
643 1031 743 1091 Tecta
765 1027 817 1091 vix
837 1042 958 1090 tantum
979 1026 1059 1089 licet

220 1128 363 1211 Angusta
386 1128 511 1211 capiant
530 1129 699 1213 hospitem,
730 1129 785 1194 hic
805 1133 906 1194 lassus
927 1144 1036 1192 temen

220 1233 354 1295 Paulum
375 1232 552 1316 acquiesce.
582 1233 649 1297 Sis.
676 1233 806 1298 Grande
829 1234 898 1296 sors
919 1233 1061 1317 pretium
1082 1252 1136 1293 mo-

153 1351 204 1405 105
221 1339 295 1397 Hoc
315 1333 465 1396 insidebo
486 1334 595 1412 limen,
621 1351 652 1399 et
673 1352 781 1420 partes
802 1336 906 1400 feram
998 1340 1067 1414 [rae
1088 1347 1135 1397 est.

222 1436 343 1499 Oculos
364 1436 398 1498 in
423 1459 546 1513 omnes,
567 1460 608 1500 ne
632 1441 703 1524 quis
727 1440 892 1522 inopinum
912 1452 1048 1522 premat.

220 1543 269 1603 Tu
288 1563 399 1624 perge.
425 1544 494 1605 Iob.
516 1546 674 1626 Propero.
702 1543 769 1607 Sia.
789 1542 949 1639 Quidnam
966 1563 1048 1624 opus
1064 1541 1137 1603 sacto

222 1643 373 1705 Tectisne
386 1643 554 1710 maneam?
576 1648 696 1709 Forsan
709 1645 842 1708 insidias
854 1659 969 1707 struat:
1039 1640 1136 1724 [rear‘i

220 1748 373 1830 Introque
394 1749 566 1811 Hebraeos
587 1763 728 1812 revocet.
752 1751 929 1810 Excurram
950 1747 1002 1810 via

154 1866 205 1921 110
221 1848 319 1946 Quod
339 1847 461 1915 restat?
482 1850 591 1934 Aegre
613 1850 782 1934 languidos
805 1871 936 1935 gressus
957 1849 1053 1914 traho

220 1951 305 2013 Belli
327 1951 463 2036 viaeque
483 1950 598 2014 sessus.
625 1953 777 2015 lnsolitus
798 1951 891 2015 labor

220 2053 262 2117 Et
282 2054 412 2116 Cereris
434 2068 528 2138 urget
547 2053 640 2116 arida
662 2054 804 2116 ieiunum
824 2053 936 2116 sames.

219 2160 288 2221 lale.
316 2158 427 2220 Sinum
447 2157 588 2220 recentis
609 2157 741 2218 interim
763 2157 848 2218 hunc
867 2157 959 2218 lactis
982 2175 1075 2239 cape,

221 2260 360 2345 Agreste
382 2282 505 2321 munus.
530 2258 598 2322 Sis.
623 2258 759 2322 suavior
781 2258 885 2319 nullus
908 2258 993 2318 sitim

153 2385 201 2440 11⁵
221 2363 382 2426 Restinxit
402 2383 540 2445 unquam
561 2377 666 2444 potus.
692 2363 872 2444 Utcumque
894 2360 1001 2422 aureis

222 2464 333 2526 Odora
353 2464 477 2548 pateris
499 2463 572 2525 vina
595 2463 648 2525 vel
669 2463 805 2546 gemmis
829 2483 910 2545 puer

220 2566 359 2630 Blandus
382 2566 548 2640 ministrat,
570 2565 693 2627 fructus
716 2565 749 2625 in
770 2566 846 2626 luxu
869 2579 917 2626 est
937 2563 1055 2626 minor.

222 2669 288 2733 Sed
308 2669 335 2730 si
358 2669 429 2753 quis
453 2669 539 2731 inter
560 2658 677 2751 pascua
698 2682 749 2730 aut
771 2666 903 2731 stabulis
926 2688 1038 2751 equus,

220 2775 377 2835 Insterne.
402 2773 472 2834 lah.
497 2771 655 2868 Quotam
678 2769 997 2832 subitus?1nostris
1020 2791 1079 2855 age

152 2891 203 2947 120
221 2874 364 2938 Succede
385 2874 488 2937 tectis.
515 2873 583 2936 Sis.
607 2873 722 2939 Victor
744 2872 807 2934 hue
828 2871 929 2933 hostis
949 2870 1045 2936 brevi

219 2976 346 3040 Aderit.
372 2978 441 3038 Ich.
463 2979 587 3037 Pavore
610 2974 744 3037 absistet
767 2972 935 3057 praestabo
956 2974 1017 3036 tibi

221 3077 387 3178 Quidquid
408 3078 525 3161 pericli
549 3092 607 3139 est.
631 3076 742 3138 Nullus
764 3076 864 3138 invita
885 3075 969 3137 lares

219 3187 353 3245 Nostros
375 3178 493 3260 adibit3
517 3200 558 3241 ne
582 3180 653 3263 quis
674 3177 808 3251 incauta,
833 3176 911 3260 vigil

219 3286 280 3347 His
304 3282 468 3346 excubabo
491 3281 627 3345 foribus.
652 3281 719 3343 Sis.
744 3278 885 3341 Evincis.
908 3277 1045 3362 Sequor.

152 3403 201 3457 125
222 3386 308 3484 Quid
332 3384 456 3449 hocce?
478 3405 609 3468 gressus
631 3383 759 3445 haeret:
782 3381 911 3442 incessu
930 3380 1016 3442 labat

219 3495 282 3554 Pes
301 3488 433 3550 dubius:
457 3508 552 3550 omen
571 3506 698 3550 vereor.
723 3487 791 3546 Ioh.
812 3487 972 3545 Insuetum
995 3500 1128 3568 gravant

219 3597 366 3657 Decursa
386 3590 524 3674 pedihus
545 3589 655 3673 spatia.
679 3587 852 3650 Tantillum
872 3584 989 3649 afferet
