2356 4282
441 1458 558 1521 Astus
577 1458 741 1537 prtinus.

421 1644 545 1694 michael
563 1645 765 1709 Arctanqetus.

130 1787 273 1868 Praenes
295 1787 450 1850 Tonantis
472 1787 617 1864 famulus,
642 1788 783 1853 Abramo
807 1803 891 1852 setae

132 1889 308 1972 Custosque
330 1888 467 1953 Miehael
490 1892 595 1976 gentis
617 1892 680 1954 huc
703 1892 787 1955 celsa
806 1891 874 1975 poli

133 1989 315 2053 submissus
338 2013 412 2055 aree
436 1995 543 2056 venio.
590 1996 768 2058 Consuetus
790 1994 883 2057 labor

128 2095 252 2155 Levare
275 2092 395 2155 fessum
419 2094 570 2180 gravibus
593 2096 754 2158 aerumnis
776 2117 887 2181 genus.

95 2198 194 2266 5Per
216 2216 266 2256 me
289 2195 344 2258 ille
367 2195 525 2280 quondam
550 2196 664 2261 ductor
687 2199 839 2261 aethereo
862 2214 956 2283 caput

131 2296 281 2359 Radiatus
303 2298 380 2383 igni,
407 2320 528 2383 pecora
550 2298 625 2361 dum
644 2301 758 2384 pascit,
783 2300 866 2364 rubo

131 2398 293 2463 Candente
315 2400 431 2464 missus
453 2417 595 2465 monstra
615 2401 758 2465 terrifica
780 2404 893 2466 extulit

130 2500 331 2587 Phariosque
354 2501 463 2566 decies
486 2504 575 2568 clade
599 2504 756 2589 geminata
777 2518 891 2588 petens

130 2606 266 2667 Potente
288 2604 379 2691 virga
400 2606 520 2671 stravit.
567 2610 617 2669 Ex
637 2605 694 2670 illo
718 2627 810 2671 sacer

130 2745 337 2761 —uu—u—-u

198 2837 232 2890 V.
254 2839 364 2891 1-120.
382 2832 551 2903 Προλογίὶει
569 2833 694 2889 Michael
712 2832 908 2905 Archangelus
927 2829 1059 2905 exemplo

130 2919 285 2994 Euripidis.
320 2922 465 2988 Israelem,
486 2939 572 2995 quem
593 2937 680 2993 saepe
697 2919 900 2993 praesentibus
919 2918 1061 2991 perieulis

130 3009 268 3074 solverat,
289 3007 400 3064 Sisenes
418 3006 569 3080 tyrannide
588 3006 687 3061 statuit
704 3006 842 3064 liberare.
865 3007 976 3059 Versus
993 3016 1061 3061 sunt

132 3094 257 3150 trimetri
276 3093 392 3147 iambici
410 3092 554 3148 acatalecti
570 3094 616 3147 vel
635 3093 753 3160 senarii,
775 3092 830 3145 hoc
848 3089 955 3145 modo:

343 3207 378 3219 '⁸'
406 3213 414 3241 t
515 3210 547 3221 ··
576 3216 583 3243 t
689 3208 718 3219 '¹'
753 3212 760 3241 t
823 3197 840 3228 υ

352 3267 714 3301 U-U-v-v-'U
740 3267 852 3298 -U-

200 3338 237 3391 V.
257 3343 280 3396 5,
309 3335 424 3406 Moyses
442 3344 506 3406 post
523 3337 573 3389 XL
599 3335 713 3387 dierum
737 3331 875 3385 ieiunium
900 3330 974 3386 facie
998 3347 1061 3385 cor·

132 3431 201 3477 nuta
221 3438 256 3476 ex
278 3420 429 3477 consortio
447 3421 589 3476 sermonis
601 3420 655 3474 Dei
670 3428 840 3491 conspectus
853 3429 896 3474 est
911 3418 946 3474 ds
964 3427 1061 3472 monte

133 3511 213 3568 Sinai
230 3506 416 3564 descendens.
434 3506 523 3563 Exod.
544 3514 586 3570 ³4,
607 3514 648 3564 tt.

201 3597 238 3652 V.
257 3602 283 3653 Β.
305 3594 451 3651 Pharios
468 3594 486 3649 i.
507 3611 532 3649 e.
552 3593 717 3668 Aegyptios,
737 3612 753 3649 s
769 3594 864 3649 Pharo
882 3591 982 3645 insula.
