2356 4282
133 423 201 497 230
546 436 667 501 Gnomt

204 599 247 661 Et
268 595 330 662 fida
353 599 467 667 famuli
488 606 591 680 turbe,
613 626 737 693 vosque
756 628 777 671 o
798 604 953 685 Nubidoe‚

203 700 347 765 Abstote.
400 707 478 768 Sunt
500 727 581 792 qnae
603 711 689 772 eolus
711 711 893 795 hospitibus
915 714 1043 798 loquer.

177 810 193 861 5
212 805 343 872 Vivitne
367 810 582 893 genimine,
607 832 701 899 quem
724 817 830 891 dixtin,
852 816 979 879 eenex‘i

204 911 276 973 Iud.
301 911 413 976 Vivum
436 915 565 1000 reliqui,
590 938 690 1001 regna
712 940 782 982 oum
804 932 951 1003 peterem
973 918 1088 981 Phari.

203 1014 267 1075 loe.
289 1014 377 1106 Quot
398 1015 468 1078 eine
488 1033 574 1082 aetas
595 1042 717 1084 annuos
738 1041 851 1084 eureus
872 1018 993 1083 hebeti

203 1116 275 1178 Iud.
298 1117 407 1182 Orbee
430 1121 558 1205 peregit
579 1143 684 1206 prope
705 1138 757 1186 ter
778 1137 811 1185 et
832 1122 943 1184 decies
963 1121 1091 1184 decem.

204 1219 267 1281 [οε.
287 1220 426 1284 Aetesne
448 1237 509 1285 tam
531 1223 666 1287 declivis
688 1247 705 1286 o
727 1227 843 1289 morbo
864 1223 975 1288 veeeti

155 1325 188 1379 10
204 1321 276 1384 Iud.
299 1327 453 1386 Moerore
475 1324 583 1388 demto
606 1327 726 1389 nullum
747 1326 842 1391 hebet
863 1327 969 1390 morbi
989 1348 1104 1412 genus.

204 1425 269 1487 loe.
292 1427 386 1488 Hunc
409 1448 488 1510 ergo
508 1441 644 1511 puerum
667 1440 792 1491 moeret
812 1422 982 1492 obductum
1006 1430 1096 1497 siti?

203 1528 276 1591 tud.
298 1529 357 1590 Est
379 1529 458 1591 elius
480 1530 574 1593 etiem
597 1531 652 1614 qui
678 1547 787 1593 eonem
806 1545 937 1616 torquet
959 1531 1067 1596 dolor.

109 1696 112 1701 ,
204 1631 267 1693 loe.
291 1629 425 1693 Licetne
446 1631 558 1693 seire?
583 1654 656 1695 nem
687 1652 784 1694 senex
806 1647 898 1716 poter
917 1646 950 1695 et
971 1635 1055 1697 mihi
1078 1638 1132 1698 eet.

203 1733 276 1794 lud.
299 1732 428 1795 Dixieee
449 1733 599 1813 memini3
623 1732 723 1795 filium
745 1735 895 1796 emiorum
916 1732 1020 1800 dolet.

155 1843 187 1897 15
205 1835 268 1898 Ios.
291 1834 381 1930 Quae
405 1856 497 1898 saeva
517 1834 601 1918 petri
623 1835 722 1897 tilium
745 1856 817 1899 sors
836 1836 990 1899 abstulit?

205 1939 278 2000 too.
299 1939 335 2001 ld
358 1939 443 2002 scire
466 1953 594 2025 oportet
615 1952 726 2001 euneta
749 1953 934 2002 cernentem
959 1943 1078 2002 Deum.

203 2043 267 2105 loe.
288 2045 415 2105 Testem
436 2041 593 2107 invocasti
614 2043 687 2116 rite,
712 2061 806 2126 quem
828 2041 931 2125 fugiet
951 2042 1048 2104 nihii.

203 2147 276 2208 Iud.
299 2148 429 2209 Certum
451 2144 571 2209 dooere
594 2162 689 2208 nemo
712 2164 772 2206 noe
791 2143 956 2205 hominnm
978 2158 1096 2228 potest.

203 2250 267 2314 loe.
288 2247 453 2310 Permulta
472 2266 569 2329 saepe
591 2247 700 2330 ignota
723 2245 844 2308 detexit
864 2245 945 2306 dies.

154 2360 188 2416 20
203 2355 275 2416 Iud.
298 2353 327 2415 Ο
350 2351 377 2413 si
398 2351 461 2412 ulia
483 2360 624 2432 praestet
644 2348 706 2411 hoe
728 2347 815 2432 quod
837 2361 985 2431 optemus
1007 2347 1096 2411 dies!

203 2458 266 2519 loe.
290 2455 424 2519 Velletis
445 2454 534 2514 illum
557 2452 642 2515 forte
664 2450 791 2512 restitui
810 2449 925 2534 petri.⁴

204 2561 275 2622 tna.
298 2557 351 2620 Sic
363 2557 459 2619 liceat
472 2574 582 2617 emere
593 2554 657 2617 hoc
670 2566 785 2627 morte,
797 2573 861 2614 non
874 2550 990 2613 faeiem
1003 2572 1127 2616 morem.

204 2664 268 2726 loe.
290 2660 426 2723 Adeone
448 2658 549 2742 petris
571 2657 737 2738 proximus
760 2653 852 2719 cordi
873 2652 959 2716 fuit?

204 2767 277 2829 tuo.
299 2766 339 2826 Ut
360 2762 465 2823 nuilus
487 2760 584 2822 ullum
607 2758 736 2842 genitor
758 2756 910 2820 ademerit
931 2757 1044 2842 magii.

155 2871 270 2932 25108.
292 2865 409 2929 Animo
432 2863 537 2947 probo
561 2860 646 2945 quod
669 2872 763 2932 esset,
786 2873 818 2921 et
840 2857 921 2919 nulii
943 2857 1113 2922 inridens?

204 2975 278 3038 too.
300 2976 341 3034 Et
364 2968 437 3054 quia
457 2967 573 3028 bonam
590 2986 678 3049 spem
698 2963 831 3024 dederat
846 2960 980 3046 egregia
995 2962 1125 3027 indoles.

204 3079 267 3141 loo.
289 3073 377 3167 Quid
397 3071 466 3133 vise
486 3067 579 3130 vobis
601 3088 701 3150 regna
721 3063 872 3149 pollentis
892 3062 1017 3126 Phari?

204 3182 277 3244 tud.
298 3177 388 3240 Nihil
408 3176 464 3239 illo
483 3172 604 3237 cedunt
625 3170 754 3254 optimis
777 3167 888 3249 Syriae
910 3168 1004 3231 loeis.

207 3286 270 3347 Ios.
290 3281 436 3343 Etiamne
458 3275 606 3361 regimen
628 3274 733 3356 placet
755 3286 788 3335 et
810 3268 940 3353 imperii
961 3269 1097 3333 modus?

154 3400 189 3453 ³0
206 3388 278 3451 Iud.
300 3378 446 3447 Mir'a'nda
468 3383 547 3441 veri)
570 3391 690 3450 cuncta,
717 3388 748 3436 te
769 3370 931 3456 imprimit
953 3371 1050 3436 duce.

205 3491 268 3552 loe.
288 3484 424 3553 Velietie
446 3496 477 3544 et
496 3502 554 3543 vos
576 3479 627 3540 hie
648 3476 730 3540 locis
751 3473 945 3539 considere?

205 3594 277 3657 Iud.
298 3588 350 3652 Ob
372 3587 485 3650 multet
505 3583 645 3668 primurn
666 3601 707 3642 ne
729 3581 858 3662 ingruet
873 3600 1005 3644 rureum
1021 3579 1125 3644 iamet.
