2356 4282
449 487 714 550 Soruourtnnas.
1018 489 1078 554 221

155 653 221 713 Nec
243 667 353 715 contra
377 657 498 738 egenis,
522 658 641 739 quippe
664 676 721 717 eor
744 677 879 738 quorum
903 656 1010 719 exedit

156 752 306 813 inimicus
328 775 430 838 aequo
453 756 546 831 livor,
570 755 778 829 insociabilis,

156 853 272 914 Aliena
295 875 431 917 cernens
455 857 574 919 lumine
596 856 715 919 infesto
737 852 831 918 bona.

156 955 252 1051 Quod
273 957 432 1021 civitatem
454 958 605 1032 continet,
628 958 768 1020 medium
791 972 840 1019 est
861 978 972 1040 genus,

88 1065 137 1116 125
154 1059 245 1118 Luxu
267 1073 434 1135 remotum,
464 1061 560 1122 sorde
583 1075 739 1123 contemta
760 1079 884 1122 vacans.

155 1158 251 1234 Hinc,
279 1181 358 1243 quae
381 1182 441 1244 per
463 1183 574 1223 omnes
595 1164 687 1224 lance
709 1161 881 1222 distribuas
903 1162 983 1243 pari,

156 1259 313 1321 Alimenta
335 1255 464 1324 mittam.
510 1261 674 1354 Quicquid
695 1262 854 1345 aspiciens
878 1262 1016 1345 Cyprum

154 1361 268 1435 Limus,
293 1364 446 1425 rubentes
469 1364 554 1425 inter
574 1378 606 1425 et
630 1363 744 1425 fluctus
766 1364 860 1425 situm
884 1380 940 1437 est,

156 1463 227 1554 Qua
250 1480 340 1545 parte
361 1465 498 1525 Pharius
518 1465 612 1525 limes
635 1480 776 1527 extrema
799 1465 891 1528 sedet

86 1569 137 1619 130
156 1565 298 1639 Tellure,
321 1565 423 1633 denso?
442 1566 578 1627 turrium
601 1565 734 1628 obtentu
756 1579 840 1649 tege.

155 1665 293 1729 Venient
313 1666 441 1728 favente
463 1681 607 1748 tempora
629 1665 773 1750 aetherio
794 1682 886 1749 patre

156 1766 299 1839 Meliora,
322 1788 393 1828 cum
416 1788 495 1850 gens
516 1769 631 1828 sentiet
653 1767 740 1829 vires
763 1769 860 1829 Phari

155 1868 321 1942 Nabataea,
347 1871 467 1931 nostris
490 1890 569 1952 quae
592 1869 658 1929 frui
680 1869 797 1952 gaudet
818 1870 918 1930 malis.

154 1968 391 2031 Tenebricosus
415 1984 522 2032 servet
543 1969 681 2052 imperio
701 1972 781 2032 male

85 2068 135 2119 135
153 2072 232 2131 Usos
253 2070 441 2132 nomarchas
464 2091 585 2144 carcer,
607 2086 700 2154 atque
722 2072 795 2133 illos
817 2073 911 2132 simul

154 2168 278 2260 Quibus
302 2171 464 2253 inquinata
487 2171 585 2232 caede
607 2185 769 2233 rectorum
790 2194 910 2244 manus,

152 2271 305 2364 Quamvis
328 2287 510 2346 nocentum,
535 2293 626 2333 more
650 2294 713 2332 non
736 2271 898 2334 tolerabili

153 2375 196 2434 Et
216 2373 308 2434 boste
331 2373 428 2453 pacis.
476 2374 531 2432 llla
552 2373 724 2434 terrebunt
744 2372 845 2455 magis

153 2474 326 2555 Supplicia,
351 2495 430 2556 quae
452 2494 517 2534 non
538 2475 585 2533 ira
606 2473 776 2535 constituet
798 2492 923 2546 recens,

84 2578 134 2629 tto
153 2575 217 2636 Sed
240 2575 338 2636 amica
359 2574 509 2657 gravibus
533 2574 621 2635 tarda
645 2574 789 2635 consiliis
809 2595 907 2636 mora.

153 2677 288 2741 Veniam
310 2675 450 2749 ferunto‚
476 2675 531 2757 qui
552 2676 627 2737 satis
651 2674 840 2757 delinquere

150 2776 301 2838 Habuere
325 2792 453 2850 tantum,
478 2777 613 2838 iusserat
635 2790 785 2859 quantum
805 2776 923 2840 fames:

151 2880 223 2938 Non
244 2899 381 2960 quorum
402 2899 513 2939 avarus
536 2898 607 2938 sese
630 2878 664 2937 in
687 2877 806 2938 alienas
829 2900 908 2961 opes

151 2978 310 3039 lmmersit
330 2979 462 3039 animus.
507 2980 549 3039 At
571 2978 686 3062 quibus
707 2981 908 3061 popularium

82 3080 131 3132 115
149 3079 307 3142 Ludibrio
330 3092 525 3161 quaestuque
548 3079 680 3139 libertas
702 3079 773 3151 fuit,

149 3184 242 3243 Nunc
264 3180 333 3240 iure
355 3179 468 3261 poenis
492 3180 629 3240 sentiant
652 3180 715 3261 ipsi
738 3181 804 3241 suis

150 3281 241 3377 Quae
263 3294 496 3363 reppereruntt
520 3293 606 3340 terra
628 3279 772 3342 viventes
793 3298 934 3363 premat:

150 3382 199 3441 lbi
221 3402 281 3463 per
303 3382 446 3444 laborem
467 3394 620 3462 tempora,
646 3395 757 3462 erepta
780 3381 842 3458 die,

152 3483 364 3546 Dimetientes
386 3483 574 3565 compedem
597 3481 707 3544 duram
730 3483 864 3547 trahant.

220 3693 253 3746 V.
276 3696 330 3746 131.
366 3691 508 3746 Nabataea
525 3710 592 3766 qens
610 3695 639 3748 h.
658 3710 684 3748 e.
706 3692 822 3746 Arabes.
