2356 4282
102 443 164 508 216
503 448 621 509 Gnonn

168 611 262 707 Quali
284 631 355 674 sese
376 612 509 676 fremitu
530 615 664 679 Pharius

167 712 319 775 Cautibus
341 713 413 776 altis
435 714 546 779 deiicit
567 719 678 779 amnis.

169 814 233 876 Sed
253 835 314 876 nec
334 835 462 877 succum
481 816 604 899 profuit
623 840 701 879 nvae

167 918 202 976 ln
224 931 404 999 spumantes
426 919 584 999 pressisse
608 919 704 981 lacus.

99 1022 150 1074 280
167 1017 289 1078 Damna
310 1019 434 1100 accepit
458 1032 533 1081 tunc
554 1041 666 1103 magna
686 1021 800 1103 pudor.

166 1117 255 1180 Natis
276 1133 400 1200 patrum
422 1119 487 1181 risa
509 1135 673 1182 senectus:

166 1218 300 1302 Peperit
321 1220 405 1302 patri
427 1234 498 1282 nata
519 1234 662 1303 nepotes.

167 1320 255 1485 3uitl
275 1342 340 1382 non
361 1321 486 1403 reperit
506 1320 603 1383 foeda
626 1322 795 1405 voluptas?

196 1423 243 1484 ibi
265 1443 344 1507 gens
366 1422 505 1486 Mesoris
527 1423 659 1485 multum
681 1438 713 1486 et
733 1438 843 1486 nostro

99 1532 149 1584 285
167 1525 320 1588 Gratulor
342 1545 431 1598 aevo,
453 1524 543 1586 cuius
565 1525 674 1607 culpas

168 1627 271 1719 Quam
294 1624 385 1686 datur
408 1639 497 1687 arcto
519 1623 583 1687 fine
607 1641 737 1687 coercet

167 1729 242 1788 Dux
265 1726 427 1810 egregius,
450 1726 561 1790 vitium
585 1745 736 1787 resecans
780 1780 784 1792 ,

166 1831 255 1912 Lege
279 1848 405 1892 severa:
430 1826 487 1889 sed
510 1828 633 1909 etipse
656 1848 713 1888 suo

167 1930 270 2012 Magis
293 1929 440 2011 exemplo
462 1941 563 1990 certat
584 1941 708 1990 sanctos

99 2041 150 2094 290
166 2028 319 2092 Reddere
341 2050 457 2091 mores.

166 2133 276 2195 Placet
297 2131 351 2194 hic
371 2132 509 2211 morari3
534 2152 719 2214 magnares
741 2148 853 2215 coepta
875 2151 939 2198 est:
965 2136 1044 2199 libet

167 2233 290 2301 Videre
311 2231 440 2295 tandem
461 2253 558 2318 quem
580 2231 621 2293 sit
641 2230 789 2297 habitura
811 2235 940 2299 exitum.

529 2460 682 2470 -ι--ι-..ι-ι

484 2622 600 2682 Actns
619 2622 770 2684 tertius.

471 2784 602 2838 Nuntius.
638 2788 781 2852 Iosephus.

165 2908 264 2970 Nunt.
285 2908 375 3004 Quae
397 2927 473 2988 pars
495 2905 625 2969 feroces
647 2906 783 2968 maxime
804 2907 942 2989 populos
967 2907 1081 2971 habeus

166 3010 310 3073 Rubrum
330 3023 415 3072 vetat
437 3008 526 3069 coire
550 3009 721 3091 Carpathio
739 3029 837 3082 mare,

165 3115 243 3175 Tota
263 3124 311 3173 est
332 3112 366 3172 in
386 3110 500 3189 armis3
526 3109 661 3195 quisque
685 3111 735 3172 ius
757 3109 835 3171 dicit
856 3109 929 3182 sibi,

167 3214 347 3296 spretoque
368 3211 475 3295 magni
497 3211 586 3296 regis
608 3211 746 3297 imperio
770 3210 858 3272 furit.

166 3388 370 3398 m

236 3494 271 3546 V.
289 3496 347 3550 284.
365 3491 491 3546 Mesoris
502 3489 521 3544 i.
535 3507 558 3543 e.
567 3490 707 3563 Aegyptia
719 3505 796 3563 gens.
816 3487 859 3546 cf.
869 3489 940 3543 Gen.
952 3496 995 3555 10,
1011 3493 1035 3545 6.
1050 3494 1081 3546 1³.

232 3587 264 3641 V.
287 3591 308 3642 t.
329 3602 370 3658 sq.
406 3587 441 3641 H.
462 3602 488 3640 e.
507 3583 612 3640 Arabia
630 3587 762 3641 Petraea.
