2356 4282
429 507 699 572 Soruonranras.

131 672 241 735 Primo
263 694 400 738 vernans
422 676 457 736 in
478 675 560 738 llore
580 696 673 757 puer,

129 774 260 836 Donum
281 776 396 839 infelix
417 779 527 841 aetatis
547 776 656 851 habes,

132 875 268 938 Nescire
289 878 405 962 quibus
427 899 574 963 mergare
594 877 694 939 malis.

132 974 162 1039 Ο
184 974 278 1039 dulce
300 980 421 1041 rubens
442 980 543 1063 gratia
563 979 679 1052 vultus,

80 1093 114 1144 30
131 1078 291 1141 Permixta
314 1081 401 1142 velut
420 1102 563 1164 purpura
585 1081 669 1154 laeti,

132 1179 196 1240 Aut
216 1180 376 1243 nascentis
395 1181 450 1244 lux
470 1183 573 1266 prima
594 1201 703 1244 rosae:

133 1281 247 1362 Tuque
267 1301 287 1342 ο
307 1281 429 1363 Libyco
451 1283 605 1345 concolor
625 1305 703 1345 auro

133 1380 239 1455 Coma,
261 1379 397 1445 deliciae
417 1384 545 1444 lenibus
567 1383 668 1445 auris:

135 1480 216 1577 Quis
237 1496 269 1542 te
290 1481 354 1543 diri
376 1483 492 1565 stipitis
511 1485 604 1557 ictus,

80 1600 114 1652 85
135 1581 209 1654 Aut,
234 1583 262 1643 si
281 1584 403 1665 poterit
422 1606 510 1646 mors
533 1583 613 1647 dura
635 1585 714 1669 fugi,

134 1683 277 1748 Horrida
300 1706 380 1769 quae
402 1701 433 1748 te
455 1707 568 1770 specus
590 1690 775 1772 exspectat?

135 1786 198 1847 Aut
222 1806 293 1870 qua,
316 1787 410 1850 uobis
431 1803 463 1850 et
485 1803 576 1872 patre
595 1790 720 1872 procul,

135 1888 281 1972 Regione
302 1890 410 1973 iugum
433 1890 587 1954 famulare
608 1891 707 1966 feres,

135 1992 210 2051 Heu
230 2011 297 2053 non
319 1991 398 2053 tales
419 2007 509 2056 natus
532 1992 572 2055 ad
593 2015 679 2068 usus,

85 2106 120 2160 ⁹⁰
137 2094 262 2176 Regum
284 2093 381 2155 sooiie
403 2109 571 2177 generatus
594 2095 683 2157 aris?

135 2194 205 2256 Non
224 2208 256 2256 te
279 2195 366 2256 varia
389 2212 478 2258 veste
501 2194 655 2259 decorum

135 2293 251 2355 Laetus
272 2309 383 2356 cernet
404 2315 534 2358 cursare
555 2311 661 2379 pater:

137 2398 210 2458 Non
230 2410 407 2458 armentum
429 2418 562 2480 pascere
582 2398 690 2472 fessis,

138 2497 217 2558 Cum
238 2498 288 2560 sol
309 2497 450 2560 medium
471 2499 627 2581 transegit
649 2498 721 2573 iter,

87 2625 120 2675 95
139 2599 315 2681 Properate
336 2600 424 2662 feres
445 2599 580 2682 prandia
602 2600 705 2662 nobis.

140 2703 181 2762 Et
201 2701 287 2764 forte
310 2701 424 2784 aliquis
447 2705 598 2785 (namque
618 2702 765 2786 malignis

139 2801 247 2864 Tellus
268 2803 382 2864 animis
404 2825 469 2866 non
487 2802 550 2865 ulla
572 2804 673 2882 caret)

143 2907 178 2964 ln
200 2919 233 2966 te
255 2926 366 2966 rursus
387 2905 522 2967 crimina
544 2902 655 2988 finget,

143 3005 221 3066 Cum
242 3017 275 3068 te
297 3019 431 3068 cernent
450 3006 590 3089 inopem,
613 3019 782 3070 externum

80 3126 126 3180 [oo
145 3106 281 3171 Vindice
305 3108 402 3170 nullo.

141 3210 231 3271 Ram.
252 3208 373 3284 Laudo,
397 3209 583 3293 propinquo
605 3208 769 3293 sanguinis
791 3208 899 3272 vinolo
921 3209 981 3270 tibi

143 3308 241 3404 Quod
261 3332 346 3373 amas
367 3310 506 3395 ligatum.
532 3311 728 3394 Discrepant
748 3310 930 3373 mortalium

143 3415 179 3472 lu
200 3412 297 3474 multa
318 3433 444 3475 mores:
467 3413 544 3475 scita
565 3427 637 3475 sunt
657 3411 728 3475 aliis
750 3412 832 3474 loeis

147 3515 229 3587 Alia,
251 3530 286 3578 ut
308 3517 454 3580 voluntas
476 3530 603 3600 sceptra
624 3529 823 3589 trumentum,
845 3527 899 3576 aut
919 3535 975 3576 sua

80 3632 131 3686 105
150 3617 311 3701 Cuiusque
332 3617 455 3699 patriae
477 3633 510 3681 et
529 3617 634 3702 gentis
652 3617 770 3682 utilitas
790 3615 872 3680 tulit.

878 3700 916 3768 14
