2356 4282
422 470 581 532 Cnmsrus
602 470 757 530 Parmos.

125 640 289 724 Praeripit
310 660 448 702 messes:
472 640 538 702 abit
559 640 594 700 in
615 639 738 702 favillas

126 742 240 806 Omnis
261 759 442 806 autumnust
466 743 548 806 cinis
569 743 674 805 hausit
695 763 781 816 arva,

54 854 106 906 200
125 847 234 928 Neque
256 867 320 908 non
343 846 420 906 olim
442 844 641 907 meminisset
663 859 748 906 aetas

125 946 296 1011 Vindicem
317 945 484 1023 flammam,
511 947 670 1031 piceoque
695 946 779 1009 coeli

125 1049 231 1111 Imbre
254 1048 412 1112 damnatas
435 1050 574 1132 periisse
598 1064 723 1134 gentes,

126 1153 204 1213 Cum
227 1153 292 1214 sale
314 1151 428 1213 infelix
449 1151 565 1214 mulier
588 1153 693 1236 gelato

126 1256 234 1317 Sensit
255 1255 289 1316 in
312 1277 419 1317 saxum
441 1254 579 1338 riguisse
602 1276 697 1319 venes

57 1370 106 1422 205
127 1358 228 1439 impie
251 1378 344 1420 caros
366 1357 513 1419 miserata
535 1378 653 1419 muros.

125 1460 214 1523 Misit
236 1475 397 1523 aeternam
420 1461 488 1522 sine
512 1462 604 1543 prole
627 1473 756 1543 gentem

125 1565 228 1626 Littus
248 1566 414 1639 Essonum‚
440 1563 556 1647 quibus
579 1585 641 1626 una
661 1563 764 1626 virtus

95 1662 224 1730 'Foeta
250 1666 449 1730 commendat
469 1666 598 1729 viduum
622 1667 740 1729 cubile.

126 1770 240 1834 Omnis
263 1772 297 1831 in
318 1772 408 1852 culpa
432 1773 558 1837 Venust
582 1791 677 1833 omne
698 1773 822 1833 lucrum

58 1886 108 1938 210
127 1875 239 1958 Aequa
259 1888 428 1957 paupertas
436 1894 446 1954 3
471 1874 566 1936 nimis
588 1894 609 1936 o
629 1873 751 1950 beatus,

127 1977 192 2073 Qui
214 1999 304 2038 suum
326 1998 485 2060 nunquam
506 1977 686 2040 numeravit
705 1999 825 2052 aurum,

127 2078 262 2141 Publico
285 2093 405 2141 tantum
427 2079 524 2162 vigil3
549 2079 603 2141 ille
626 2080 746 2142 nostris

127 2182 230 2246 Malor
254 2183 426 2255 aerumnis,
453 2182 603 2267 vitiisque
626 2183 737 2259 maior,

127 2288 215 2370 Lege
237 2285 397 2348 communi
420 2284 546 2347 socialis
568 2284 657 2347 aulae

58 2392 108 2446 215
127 2388 269 2450 Postulat
290 2402 413 2470 partem
434 2386 528 2449 famis
551 2401 582 2450 et
603 2389 760 2450 laborum.

129 2491 215 2586 Quot
234 2489 322 2575 fugis
339 2510 467 2572 sparsos
489 2489 523 2550 in
543 2504 714 2574 utrumque
737 2491 838 2554 solem

127 2593 291 2667 Posteros,
315 2613 389 2655 sero
413 2591 513 2675 patris
536 2591 711 2652 Abrahami

129 2695 266 2779 Colliget
287 2715 421 2777 vesper:
444 2709 548 2757 tamen
569 2694 633 2756 heu
656 2695 810 2779 triumphi

129 2803 222 2861 More
245 2798 411 2860 solennem
431 2796 589 2858 feriemus
608 2817 735 2881 agnum.

57 2912 109 2966 220
127 2902 199 2984 ipsa
220 2900 351 2962 libertas
374 2900 474 2960 semel
495 2914 530 2961 ut
552 2899 697 2974 recessit,

128 3004 232 3101 Quam
254 3003 324 3065 dies
346 3003 470 3085 primus
494 3000 583 3065 dedit
605 3003 806 3084 Azymorum,

195 3203 230 3255 V.
251 3205 311 3258 207.
329 3199 423 3254 Littus
441 3199 590 3266 Essenum‚
615 3216 654 3252 sc.
678 3198 853 3254 iudaeorum
876 3209 953 3254 secta
971 3199 1054 3253 caeli-

127 3283 207 3351 bum,
231 3284 329 3339 Nilum
348 3283 505 3357 praecipue
527 3283 729 3339 accolentium.
758 3287 823 3340 Non
848 3283 1054 3357 procreabunt,

128 3370 180 3425 sed
198 3369 358 3425 educabant
378 3369 501 3424 aliorum
518 3368 593 3423 filios
617 3380 647 3425 et
673 3368 840 3425 divitiarum
862 3379 1055 3425 contemtores

128 3457 224 3512 omnia
242 3455 385 3511 habebant
402 3456 569 3511 communia.

197 3545 234 3599 V.
256 3550 318 3601 220.
346 3543 481 3599 Libertas
497 3561 535 3598 sc.
555 3542 712 3598 mulierum
729 3542 853 3599 exeundi
870 3545 1055 3617 proficiscen·

129 3627 216 3705 dique
232 3630 440 3701 Hierosolyma.
785 3699 852 3771 10*
928 3631 932 3640 ’
