2356 4282
417 467 579 528 Cumanus
600 466 754 528 Pamnus.
977 454 1044 531 Ι163

113 632 238 696 invidia
261 633 395 698 damnat.
418 637 545 713 Fateor,
571 634 727 715 offensam
749 634 866 698 timens

112 737 226 800 Plebis
247 753 445 824 patrumque,
472 741 596 802 crimen
618 739 724 823 optavi
750 737 871 800 datum:

57 845 90 897 75
111 839 239 902 Nullum
260 856 424 924 repertum
446 858 512 923 cat3
538 841 692 928 quicquid
716 839 838 903 obiecit
860 862 916 903 sua

114 943 197 1005 Satis
218 943 287 1026 ipsa
309 945 450 1027 prodens
474 946 547 1008 odia
568 943 759 1018 coniuratio,

113 1044 249 1107 Silentio
273 1047 400 1110 revicit.
424 1049 474 1108 En
494 1048 548 1111 illa
570 1047 688 1109 incluta

112 1145 284 1209 Pharisaea
305 1147 424 1231 pietas:
448 1149 522 1233 quia
546 1150 604 1210 sub
627 1147 717 1209 exesi
738 1146 823 1210 fame

115 1249 244 1312 Pallore
270 1251 375 1312 vultus
397 1265 429 1313 et
452 1249 626 1332 supercilio
649 1250 739 1332 gravi

61 1363 97 1416 80
116 1352 218 1426 vano,
244 1353 383 1414 calentes
404 1352 525 1414 ambitu
548 1371 584 1414 ac
605 1351 739 1433 cupidos
762 1373 859 1434 opum

114 1451 250 1514 Animos
271 1453 397 1527 retexit,
420 1451 455 1515 iit
477 1473 608 1525 nocens,
633 1465 762 1535 spretor
782 1453 847 1514 Dei

116 1555 317 1637 sacrilegus:
341 1554 417 1617 hinc
438 1569 485 1617 tot
508 1555 561 1615 illa
585 1554 743 1616 scelerum
764 1556 894 1619 nomina

114 1655 285 1739 Reguique
308 1657 440 1719 crimen.
467 1657 600 1719 Scilicet
618 1657 719 1718 maris
741 1657 867 1720 accolae

114 1759 210 1839 Inops
232 1758 385 1843 inersque
408 1760 532 1842 vulgus,
555 1774 588 1822 et
610 1758 802 1823 Galilaidum

62 1871 96 1922 85
117 1861 206 1922 Grex
227 1860 428 1936 feminarum,
451 1863 582 1945 spiritus
605 1862 725 1924 facient
745 1861 820 1924 duci

118 1960 260 2024 Tantos?
286 1961 325 2023 ad
347 1963 422 2025 istas
443 1967 545 2026 Roma
567 1964 744 2048 trepidabit
764 1961 898 2027 manus?

116 2064 159 2123 At
182 2063 250 2145 ipse
273 2084 385 2147 regem
409 2085 443 2126 se
465 2080 561 2148 negat
583 2067 681 2127 terris
703 2064 820 2128 datum.

118 2167 241 2248 Regem
262 2164 391 2241 fatetur,
416 2165 501 2229 unde
525 2189 590 2229 non
613 2169 692 2228 ullas
714 2166 786 2242 sibi,

117 2266 281 2350 Pugnasse
304 2265 442 2343 dextras,
465 2289 536 2330 cum
558 2270 696 2332 lacertos
719 2269 898 2352 stringeret

65 2385 100 2438 90
117 2369 287 2451 Popularia
308 2369 428 2433 hostis:
452 2370 509 2432 aed
531 2370 612 2433 feris
632 2371 813 2433 mortalium

119 2470 214 2534 Odiis
235 2488 380 2557 patentes
402 2472 533 2536 traditas
556 2488 664 2555 partes
686 2471 749 2533 sibi

118 2577 240 2642 Verum
262 2575 389 2637 tuendi:
412 2574 515 2637 studia
537 2596 617 2658 quos
637 2573 749 2637 eadem
770 2573 887 2648 iuvant,

116 2679 242 2739 Paucos
264 2676 433 2761 magistrae
454 2676 544 2740 vocis
565 2676 736 2759 imperium
762 2676 866 2760 aequi.

118 2781 184 2841 Seu
204 2800 280 2842 vera
302 2793 376 2840 sunt
395 2779 485 2854 haec,
506 2779 602 2841 liceat
624 2779 755 2861 impunc
778 2777 905 2860 eloqui3

65 2903 99 2957 95
119 2881 184 2942 Seu
205 2894 327 2943 temere
347 2880 442 2942 iactat
463 2880 551 2955 salsa,
577 2879 648 2964 quis
670 2878 871 2942 mendacium

120 2982 232 3066 Capite
257 2981 419 3064 expiavit?
441 3003 498 3044 seu
520 2982 609 3058 furit,
635 3002 740 3065 poena
760 2996 810 3043 est
829 2979 934 3041 furor.

121 3083 187 3147 Sed
209 3099 243 3147 et
264 3083 345 3167 ipse,
377 3103 471 3167 quem
493 3104 577 3145 uunc
598 3084 695 3145 annui
715 3082 833 3146 cultrix
854 3079 938 3143 sacri

122 3187 283 3248 Structum
304 3184 431 3268 parenti
453 3182 549 3247 traxit
570 3183 610 3246 ad
632 3186 785 3268 tempium
809 3182 888 3258 dies,

121 3287 187 3383 Qui
209 3287 315 3349 iuncta
334 3284 391 3347 fini
413 3307 514 3370 regna
537 3287 711 3370 Agenoreo
733 3300 830 3362 tenet,

47 3418 103 3474 10⁰
123 3390 239 3451 Famae
262 3387 416 3471 stupenda
437 3388 521 3450 facta
542 3388 700 3450 narrantis
722 3385 819 3451 fidem

192 3534 228 3587 V.
247 3537 305 3589 100.
334 3530 519 3604 significatur
535 3528 675 3585 Herodes.
711 3528 841 3605 Agenor,
858 3547 911 3587 rex
927 3531 1052 3590 Phoeni·

119 3616 198 3686 aiae,
214 3617 350 3690 Europae
368 3626 397 3672 ct
415 3614 518 3674 Cadmi
533 3624 626 3691 pater.
724 3686 792 3757 w
