2356 4282
96 463 143 536 ⁶8
489 467 629 530 Psrsrn

98 636 149 690 340
214 633 269 697 Sic
288 648 409 717 pereat,
436 636 491 720 qui
512 650 578 698 tete
600 635 686 699 odiis
707 650 839 699 exercet
857 634 988 720 iniquis,

169 736 383 821 Omnipotens
405 739 552 801 Genitor·
579 739 633 801 Sic
656 739 711 822 qui
730 754 763 802 te
785 737 901 822 diligit,
927 753 1002 802 ortu

169 841 280 933 Qualis
302 843 336 903 iu
358 845 431 905 Eoo
455 843 563 904 rutilat
583 842 747 905 Phoebeia
769 843 900 924 lampas,

167 943 341 1024 Splendeat
362 959 457 1027 atque
479 965 557 1007 aevo
579 957 743 1005 aeternum
766 944 902 1007 meliore
925 943 1052 1005 fruatur.

168 1047 245 1108 Bur.
266 1043 387 1107 Adeste
411 1045 563 1108 comites!
587 1067 676 1109 saera
697 1045 873 1108 reddantur
894 1046 965 1128 poli

2 1172 4 1176 v
102 1154 151 1207 345
171 1147 287 1214 Votiva
308 1146 459 1210 Domino.
480 1149 597 1232 Rapite
620 1149 762 1232 captivos
783 1167 912 1231 greges.

167 1250 347 1336 Victorque
369 1273 517 1336 pompam
538 1253 630 1315 miles
652 1267 724 1314 ante
745 1273 815 1315 aras
835 1250 931 1315 ferat.

542 1463 721 1531 Chorus(

167 1632 276 1695 Canite
299 1654 318 1695 o
344 1633 493 1697 iuvenum
519 1633 612 1695 turba
636 1633 826 1716 triumphos,

166 1735 277 1800 Cauite
300 1736 411 1800 invicti
435 1737 520 1799 bella
541 1737 704 1810 Tonantis,

166 1839 283 1922 Cingat
304 1840 418 1903 viridis
438 1855 582 1923 tempora
602 1841 720 1912 laurus,

99 1944 148 1996 350
165 1943 336 2027 Palmaque
359 1943 486 2006 dextras
509 1943 626 2006 victrix
648 1941 791 2002 decoret.

167 2044 294 2106 Tumidi
313 2044 424 2108 rabies
448 2066 542 2109 saeva
563 2044 688 2126 tyranni

167 2149 282 2213 Fracta
304 2162 353 2211 est
373 2149 508 2232 pariter,
530 2147 679 2231 fessaque
703 2147 798 2229 longo

166 2250 317 2312 Hebraea
340 2250 414 2334 iugo
438 2249 518 2312 colla
541 2262 674 2331 repente

167 2355 236 2413 Lux
258 2375 320 2415 una
342 2352 432 2436 gravi
452 2351 597 2434 pondere
620 2351 726 2414 solvit.

101 2459 150 2510 355
170 2455 284 2523 Valido
307 2455 393 2517 fusas
413 2461 516 2517 Marte
539 2454 689 2517 cohortes

168 2555 259 2622 Vidit
280 2557 318 2618 ab
343 2558 405 2619 alto
429 2557 550 2619 vertice
573 2555 689 2630 Tribus,

168 2661 326 2743 Vastaque
347 2659 477 2721 trahens
500 2658 598 2723 caede
620 2680 769 2722 cruorem

168 2763 249 2823 Atro
271 2760 386 2822 tumuit
405 2759 533 2844 gurgite
556 2761 663 2825 Cison.

209 2863 284 2924 Dux
306 2862 359 2924 illa
380 2861 496 2924 ducum
517 2862 635 2924 nobilis
657 2885 731 2925 ausa
753 2877 801 2925 est

99 2973 149 3028 360
167 2963 310 3028 Admista
333 2965 413 3029 viris
437 2987 523 3028 arma
545 2965 657 3050 virago
689 3044 692 3051 Ι

167 3070 239 3130 Non
259 3067 399 3128 feminea
420 3081 558 3153 tractare
580 3089 674 3130 manu

168 3167 393 3256 Trepidosque
415 3152 526 3254 fugam*
545 3169 644 3232 vertit
663 3169 698 3230 iu
718 3168 838 3232 hostes.

168 3275 216 3332 Te
239 3291 368 3355 quoque
392 3272 545 3351 canimus,
569 3269 667 3334 decus
689 3269 846 3334 Isacidum

167 3432 373 3444 ,ιι-ι*-

236 3521 272 3576 V.
291 3526 350 3576 347.
370 3520 485 3574 Chorus
511 3519 590 3573 canit
613 3528 724 3589 partam
753 3516 788 3570 de
808 3517 905 3573 Sisara
929 3516 1092 3573 victoriam.

167 3609 279 3663 Versus·
292 3605 479 3679 anapaestiei.;
493 3623 526 3660 ν.
546 3607 615 3661 Aet.»
627 3602 679 3667 W,¹
694 3610 751 3662 tte.
