2356 4282
525 470 692 537 canneru.
1010 478 1069 548 133

147 637 294 701 Solamen
315 662 422 705 unum.
464 643 547 706 Nat.
569 648 673 707 Macte
696 644 839 708 divinum
860 661 963 730 caput,

145 739 262 805 Oracla
278 740 389 805 tunde.
432 742 703 809 concutimur?
729 767 769 806 an
791 766 884 809 aures
905 748 985 811 mihi

144 840 286 908 Violavit
306 842 396 906 illinc
416 843 518 909 hestia
539 846 663 909 infandi
684 845 805 911 sonus?

142 946 214 1006 Non
236 942 348 1025 luder3
372 943 427 1009 hie
449 961 499 1010 eat
520 945 642 1010 bellua:
665 947 785 1010 irarum
806 970 907 1014 novos

96 1047 122 1104 75
141 1044 272 1131 suffigit
293 1048 400 1115 anime
421 1049 567 1115 redditus
588 1052 732 1117 stimulos
755 1050 859 1116 dolor.

139 1150 192 1213 Fit
214 1171 309 1213 omae
330 1174 443 1217 rursus
464 1168 497 1216 et
519 1154 719 1218 recrudescit
739 1152 840 1216 nefas.

137 1258 264 1337 Regum
285 1267 429 1335 tyranne,
456 1255 557 1319 seculi
579 1256 720 1331 exitium,
741 1257 822 1332 lues,

138 1355 280 1419 Conviva
302 1355 413 1435 milea3
436 1356 531 1420 fortis
554 1357 594 1418 ad
616 1379 752 1441 puerum
773 1378 897 1433 necem,

137 1456 205 1520 Sed
226 1470 317 1540 patre
338 1457 504 1537 revinct03
530 1474 658 1542 sceptra
680 1459 758 1542 quid
779 1458 892 1521 suedas
913 1459 1029 1523 manu?

81 1563 119 1616 80
136 1562 209 1621 Non
231 1558 293 1620 tibi
313 1572 473 1622 vetustum
494 1558 597 1622 nobili
619 1584 636 1624 a
659 1560 760 1642 stirpe
784 1575 832 1623 est
854 1581 964 1644 genua,

136 1660 269 1722 Tellure
290 1672 380 1721 natus
401 1661 525 1744 regium
547 1663 683 1725 incestas
707 1661 814 1726 decus.

136 1762 297 1843 Solymum
318 1762 365 1824 tui
386 1763 506 1840 vicere,
532 1780 606 1848 post
628 1786 750 1849 pugnas
771 1780 858 1827 tuum
880 1780 939 1843 est,

133 1868 276 1928 Puerum
297 1884 415 1928 cruore
439 1865 563 1941 ludere,
586 1882 619 1929 et
642 1881 737 1929 strata
759 1889 856 1951 super

133 1967 264 2029 Bellare
284 1987 403 2030 mensa.
446 1969 529 2031 Nae.
552 1969 634 2062 Quis
655 1969 720 2030 mei
742 1968 897 2032 indicium
918 1969 1021 2033 facit?

80 2077 113 2130 85
134 2068 323 2131 Luminibua
344 2067 418 2132 orbi
439 2068 575 2131 forsitan
600 2072 732 2155 Apellae
754 2070 888 2135 vident?

131 2172 207 2236 Sed.
230 2171 311 2236 Visu
334 2184 496 2234 carentem
518 2185 625 2234 cetera
647 2187 681 2235 ut
702 2173 818 2235 lateant
839 2173 923 2250 satis,

132 2279 183 2336 Tu
205 2295 269 2337 non
292 2272 406 2337 latebis
414 2293 425 2350 3
447 2293 527 2356 coge
548 2261 750 2336 membratim
770 2275 854 2338 mori

130 2376 288 2460 Reliquos
311 2389 489 2457 perarma,
512 2395 692 2458 omneque
715 2395 811 2438 voces
829 2390 935 2438 meant

130 2480 197 2539 Iter
219 2476 348 2538 recide:
371 2497 436 2538 non
459 2491 562 2538 tamen
587 2497 714 2537 sensum
735 2477 781 2538 tui

80 2585 113 2638 9⁰
132 2577 313 2642 abstuleris
333 2599 489 2661 nmquam.
516 2577 648 2638 Absiste
662 2577 716 2660 qui
729 2591 855 2638 noctem
865 2577 946 2639 hanc
958 2579 1055 2664 regis,

131 2682 225 2744 sotus
250 2678 355 2762 sagaci
378 2698 455 2738 nare
480 2676 675 2759 deprendam
697 2677 809 2752 seram,

129 2785 352 2865 Frangamque
373 2801 490 2840 morsu.
513 2781 594 2842 Nnb.
609 2779 695 2872 Quin
712 2777 771 2839 tibi
788 2800 957 2862 procacem
968 2782 1059 2864 priua

128 2884 284 2967 Linguam
308 2882 388 2944 hanc
411 2882 526 2942 revelli
550 2882 684 2942 iussero.
711 2882 785 2945 Sed.
810 2883 852 2943 At
874 2882 959 2945 vultu
982 2884 1058 2946 satis

131 2989 230 3046 Tuam
252 2999 360 3045 tacens
383 2996 549 3066 mutusque
573 2983 752 3045 barbariem
775 2983 898 3066 loquar.

80 3103 111 3156 95
128 3088 211 3151 Nat.
233 3086 387 3147 Moriere.
431 3084 505 3147 Sed.
527 3084 608 3176 Quis
623 3106 671 3144 me
685 3101 865 3167 compotem
881 3085 945 3147 voti
959 3084 1057 3150 facit?

129 3192 201 3251 Non
226 3202 273 3250 est
293 3202 461 3266 tyrannus3
484 3187 621 3248 moriare
645 3207 663 3247 ο
686 3187 801 3249 laetum
825 3186 928 3249 diem!

129 3295 189 3364 Te,
213 3305 243 3352 te
267 3288 315 3350 vel
339 3287 451 3350 umbra
473 3287 597 3348 Tartari
619 3309 789 3370 erumpens
811 3311 918 3371 specu,

128 3396 178 3454 Te
201 3405 291 3473 pater
314 3389 431 3450 inultus
454 3390 546 3471 prole
570 3408 640 3449 cum
663 3401 724 3449 tota
747 3403 868 3470 petam:

128 3494 335 3576 Stygiamque
358 3491 486 3551 vibrans
509 3491 642 3572 propius
665 3509 701 3551 ac
722 3490 854 3572 propius
876 3491 978 3554 facem

80 3584 112 3660 m
131 3599 256 3681 Sequar
278 3612 378 3678 usque
401 3606 433 3654 et
454 3613 571 3677 usque:
594 3592 678 3654 nulla
700 3615 761 3654 nox
786 3594 923 3655 animum
945 3595 1005 3656 tibi
