2356 4282
101 429 145 500 40
521 436 660 500 Pursvu

101 607 150 661 130
170 601 205 665 Si
227 604 329 686 patria
349 620 475 689 repetat
495 605 573 669 iura.
594 608 598 613 ’
620 605 750 670 Mutatio
773 598 862 669 dabit

167 696 312 781 Meliora,
339 709 394 792 qui
415 730 499 771 nunc
521 707 675 793 opprimit
695 723 802 771 sontes
824 708 925 772 Deus.

165 808 233 870 Nec
254 806 342 873 tarda
364 812 432 875 voti
455 811 562 894 spatia.
609 814 809 874 Prostratum
831 811 901 875 dies
956 865 958 870 .

167 913 257 974 Haec
277 910 346 994 ipsa
371 914 508 975 Sisaram
532 912 630 975 debet
649 933 686 974 ac
709 914 773 976 leto
796 913 911 977 datum.

166 1015 231 1076 Nos
254 1015 338 1076 bella
359 1029 391 1077 et
412 1015 522 1090 hostis,
551 1029 581 1076 te
604 1014 701 1076 decus
725 1016 803 1077 belli
826 1029 938 1078 manet.
998 1012 1090 1094 [desi

101 1124 150 1177 135
166 1118 235 1178 Ialt.
253 1117 364 1201 Egone
376 1118 438 1180 boc
452 1115 636 1201 capessam?
654 1120 730 1180 Ded.
743 1117 849 1179 Dubia
862 1138 920 1181 cur
931 1117 1046 1181 titubat
1057 1116 1088 1179 fi-

167 1218 313 1282 Nondum
332 1220 471 1282 Tonanti
491 1217 658 1282 creditur?
692 1222 761 1282 luit.
785 1220 886 1284 Posse
904 1219 991 1283 hunc
1008 1234 1092 1307 puto.

167 1325 245 1386 Ded.
272 1325 320 1383 Ne
339 1322 423 1385 velle
447 1319 564 1384 dubita.
607 1324 676 1384 lala.
702 1322 819 1385 Petere
837 1324 865 1385 si
882 1322 929 1385 fas
950 1336 1000 1386 est
1018 1324 1088 1407 piis,

167 1426 345 1506 Responsa,
369 1423 477 1497 Vates,
501 1422 605 1506 pande
628 1445 709 1508 quae
732 1439 889 1487 memoret
912 1427 1013 1487 Deus.

168 1529 245 1590 Det.
259 1525 345 1587 Hinc
355 1525 468 1608 procul
480 1524 601 1586 referat
612 1525 728 1609 pedem
741 1525 885 1611 quisquis
896 1527 1053 1610 profanus
1066 1542 1096 1590 et

102 1637 151 1690 110
169 1625 358 1688 Execranda
370 1647 459 1688 secra
472 1627 557 1688 cultu
567 1627 642 1690 colit
655 1628 827 1690 etinfamcs
838 1628 926 1690 deos.
989 1629 1097 1714 [impio

169 1731 246 1805 Vos,
272 1727 387 1812 quibus
403 1727 525 1790 dixisse
543 1727 592 1791 fas
606 1744 653 1791 cst
667 1728 750 1791 iussa
765 1731 877 1791 summi
888 1718 1045 1808 Numinis,

169 1832 331 1894 Mentibus
355 1831 502 1914 reponite
522 1831 611 1893 imis:
634 1853 745 1916 magna
769 1854 823 1893 res
850 1832 954 1917 agitur
976 1832 1065 1896 mihi.

168 1936 208 1997 Ut
230 1948 353 1996 sacrato
376 1932 480 1994 limini
504 1931 619 1994 ardens
643 1934 818 2017 supplicem
841 1955 987 2018 gressum
1006 1934 1098 1998 intuli

168 2037 249 2098 Vota
261 2054 419 2118 peragens
432 2036 538 2118 gentis
552 2049 582 2096 et
591 2057 684 2118 opem
698 2032 846 2097 coelitum
856 2037 917 2098 rite
929 2034 1096 2112 advocans,

103 2144 150 2196 115
171 2142 237 2200 Ter
250 2139 319 2199 solo
337 2135 469 2219 profusa
480 2151 636 2198 moestum
656 2137 804 2219 deprimo
822 2153 892 2200 ante
916 2161 985 2201 aras
1008 2155 1098 2223 caput

168 2239 287 2302 Flebili
310 2259 389 2302 voce
415 2237 582 2321 ingemens
604 2239 752 2323 pactique
774 2239 943 2302 nobiscum
966 2239 1064 2304 iidem

168 2340 325 2402 Foederis
340 2354 452 2402 testor.
479 2342 626 2422 Repente
643 2343 766 2403 concita
787 2341 952 2404 intremuit
974 2341 1096 2422 (lomus,

168 2440 315 2504 Horrido
338 2463 490 2505 concussa
513 2442 607 2506 tellus
628 2457 679 2505 ter
702 2443 832 2527 fragore
853 2448 1041 2530 perstrepit,

169 2543 321 2627 Frigidus
342 2545 485 2627 perime
507 2565 640 2606 currens
663 2566 733 2607 ossa
754 2546 895 2629 pervasit
917 2563 1049 2612 tremor.

102 2658 151 2711 tto
169 2650 251 2708 Tum
274 2644 373 2709 sacris
398 2645 536 2730 mugitus
559 2667 598 2707 ex
620 2646 719 2728 adytis
742 2648 827 2709 truci
850 2649 955 2710 sonitu
973 2652 1099 2716 emicat.

168 2749 254 2811 Ante
277 2770 328 2810 me
351 2747 496 2811 subinde
511 2747 626 2830 supera
649 2746 725 2811 sede
749 2750 855 2832 lapsus
881 2751 994 2834 Aliger

168 2851 293 2912 Aureas
318 2849 462 2933 quatiens
483 2851 588 2913 volatu
610 2853 757 2935 praepeti
780 2851 843 2912 alas
867 2853 1021 2930 constitit,

169 2951 237 3014 Ore
259 2971 424 3035 purpureo
447 2951 571 3014 nitens:
595 2953 696 3037 qualis
718 2973 850 3015 corusca
873 2950 1040 3020 flammeus

167 3039 260 3117 Nube
282 3066 400 3117 tractus
422 3053 540 3117 dissilit
562 3055 726 3139 celerique
749 3056 913 3138 percurrit
935 3056 1017 3119 face.

99 3173 148 3230 155
165 3157 271 3218 Maior
290 3155 364 3217 exin
384 3154 515 3219 bomine
532 3179 605 3219 mox
623 3178 715 3218 aures
734 3177 821 3220 meas
840 3160 963 3241 pepulit
978 3182 1096 3226 sonust

168 3261 259 3321 Pone
282 3259 410 3322 modum
428 3260 590 3343 precibus,
613 3274 781 3345 raptasque
796 3261 835 3322 ad
847 3262 931 3325 bella
943 3264 1099 3329 cohortes

121 3372 123 3377 '
167 3361 310 3438 instruet
338 3362 385 3424 sic
410 3363 499 3424 Deus
520 3363 591 3444 ipse
614 3362 713 3426 iubetz
737 3363 811 3424 'ttbi
832 3364 974 3425 muneris
995 3365 1093 3431 buius

95 3492 99 3497 ·
165 3464 243 3524 Mox
264 3481 342 3545 cape
364 3463 532 3546 Nepbtalia
552 3464 700 3526 comitem
723 3465 764 3527 de
786 3466 887 3549 stirpe
908 3470 1075 3532 Baracum.

167 3561 224 3625 ille
246 3562 359 3640 aderit,
382 3565 437 3649 qui
459 3586 509 3629 me
532 3564 616 3628 coeli
638 3565 784 3630 submisit
805 3569 842 3631 ab
866 3588 924 3630 axe
