2356 4282
146 458 209 541 192
440 528 504 539 .,.
539 392 660 537 (item
691 532 695 537 .

144 631 195 684 250
213 630 292 690 Tam
314 647 436 711 magua²
458 641 590 691 matrem
612 649 729 713 gerere
749 629 805 691 rix
825 623 954 700 docilis,
979 621 1097 707 pudor,

212 728 334 791 Maiora
356 728 420 795 iam
440 731 617 813 prospicio,
641 745 673 794 et
695 743 767 793 ante
789 729 900 792 oculos
916 748 1009 790 meos

213 834 318 895 Omne
339 845 388 901 est
409 831 561 895 futurum.
585 837 665 897 Nate
685 848 719 899 tu
740 832 830 897 vadis
850 832 922 916 pias

211 935 302 995 Nunc
323 933 409 996 inter
431 933 551 999 animas
571 936 688 1011 maior:
710 936 848 1020 assurgit
865 933 929 996 tibi

213 1036 348 1119 Sanctus
368 1050 538 1119 parentum
560 1038 708 1121 populus,
732 1052 766 1100 et
785 1036 912 1100 coelum
935 1054 994 1098 suo

144 1143 194 1197 255
211 1136 319 1200 Debet
340 1137 461 1219 nepoti.
485 1140 546 1201 lam
570 1153 643 1203 tuos
665 1160 753 1202 mors
771 1135 891 1220 pallida

213 1238 365 1323 Sequitur
385 1238 577 1320 triumphos,
600 1240 675 1305 dum
694 1240 847 1303 remolito
867 1258 970 1303 novus

211 1340 290 1401 Exis
313 1339 504 1425 sepulchro;
527 1364 592 1405 non
615 1341 671 1403 diu
690 1343 789 1405 terris
812 1355 917 1403 tamen

213 1443 421 1525 Spectandae,
445 1465 485 1507 en
506 1467 580 1509 mox
602 1459 685 1509 totus
708 1445 747 1509 ad
768 1458 893 1529 patrem
914 1442 1020 1508 redis.

213 1542 291 1604 lnde
313 1565 354 1605 ex
375 1565 513 1629 superna
533 1544 610 1607 sede
631 1545 750 1628 pacatis
772 1545 876 1609 honus

144 1659 195 1714 260
213 1648 279 1707 Das
302 1645 373 1707 iura
391 1646 538 1730 populis:
561 1646 649 1709 mille
672 1661 703 1709 te
726 1646 853 1731 linguae
875 1643 1006 1711 colunt:

212 1748 280 1808 Nec
303 1760 385 1810 meta
407 1770 526 1832 regno:
550 1763 637 1811 trans
660 1763 693 1811 et
712 1746 877 1812 Oceanum
896 1761 986 1813 tonat

213 1847 445 1933 Phoebumque
466 1872 600 1914 nomen:
623 1849 750 1914 ferrum
769 1863 802 1913 et
822 1849 958 1913 hostiles
979 1849 1069 1913 nihil

213 1951 338 2015 Nocent
360 1951 508 2017 furores:
530 1952 644 2027 vincis,
668 1972 704 2033 ac
724 1944 954 2036 magni'duces

170 2090 174 2097 -
214 2053 358 2136 Augusta
378 2054 518 2137 pedibus
540 2070 668 2137 sceptra
689 2053 864 2117 subiiciunt
884 2054 961 2131 tuis.

147 2166 197 2221 265
217 2154 305 2248 Quin
325 2169 451 2239 tempus
473 2155 552 2219 illud
575 2170 658 2219 meta
679 2155 857 2219 saeclorum
878 2176 985 2240 prope
1010 2172 1072 2234 cst¹

214 2256 294 2318 Cum
314 2256 399 2318 nube
419 2257 453 2341 in
476 2259 536 2319 elta
558 2271 605 2319 tot
625 2256 754 2319 sedebis
777 2257 922 2341 gentium

216 2358 398 2454 Quaesitor,
422 2359 504 2421 orbe
526 2378 599 2420 cum
618 2357 795 2422 reformato
817 2371 928 2439 manet

216 2462 289 2521 Nox
310 2481 372 2541 una
396 2473 513 2537 sontes,
540 2483 601 2523 una
619 2475 775 2546 purgatos
796 2459 877 2543 dies.
