2356 4282
485 481 659 547 Suasoris.
991 487 1033 557 79

104 653 254 717 Animam
273 667 466 716 aestuantem
489 650 650 715 duximus:
673 650 813 715 nondum
837 654 912 718 satis

102 756 191 818 Belli
210 769 262 817 aut
275 755 428 817 malorum
448 753 517 817 est?
540 753 620 829 fare,
645 753 722 836 quid
740 755 896 837 prohibes
915 757 1032 824 dolor?

104 856 194 950 Quid
216 857 320 919 anime
343 855 489 939 refugis?
511 855 581 917 fure
604 870 637 917 et
658 856 776 919 invitus
799 872 870 921 tuos

103 963 224 1021 Luctus
246 973 392 1023 retracta.
442 959 569 1022 Tantuli
591 979 610 1020 e
633 959 726 1021 turba
745 980 851 1023 sumus

51 1066 85 1119 05
104 1064 220 1143 Magna
240 1060 365 1139 reficti3
390 1060 557 1143 querimur
577 1060 720 1140 Assyriis
742 1060 844 1124 hebes

104 1163 244 1225 Ferrum
264 1177 369 1224 tamen
391 1163 507 1224 fuisse:
531 1182 602 1223 cum
623 1163 727 1242 patria
749 1163 832 1226 iacet

104 1265 199 1327 Sorte
221 1263 404 1337 invidenda,
431 1264 576 1347 quisquis
598 1263 708 1326 hostili
729 1288 822 1326 manu

103 1367 251 1429 Animam
271 1365 427 1448 profudit.
471 1365 575 1425 Pestis
597 1379 630 1426 et
650 1367 773 1429 eaelum
795 1387 924 1442 nocens,

103 1471 220 1552 Ignava
241 1467 314 1540 fata,
336 1467 467 1530 fortium
489 1466 590 1528 robur
613 1467 715 1529 virum

53 1578 85 1630 to
103 1571 227 1633 Misere
249 1569 439 1632 abstulistis:
464 1569 590 1649 Solyma
611 1592 676 1631 non
698 1592 761 1632 uno
783 1571 845 1635 fuit

105 1673 272 1740 Vincenda
294 1673 333 1734 ab
355 1672 458 1735 hoste.
503 1671 670 1768 Quidquid
691 1670 822 1737 horreri
844 1677 961 1739 assolet

101 1779 216 1839 Paetus
238 1773 379 1850 nefandi,
406 1774 498 1837 dulae
520 1774 637 1837 ieiunis
657 1774 728 1837 fuit,

101 1881 175 1958 Ipsa
199 1878 268 1958 ipsa
288 1890 390 1938 mater
411 1876 590 1956 (conscium
614 1890 713 1940 testor
734 1877 830 1955 diem,

102 1980 233 2040 Factum
256 1993 315 2052 est,
341 1977 426 2062 quod
447 1978 524 2041 olim
544 1979 668 2060 posteri
689 1979 806 2043 factum
827 1997 947 2065 negent

54 2089 84 2140 ts
103 2083 169 2143 Aut
190 2089 407 2158 exscreatum)
431 2081 528 2145 dubia
550 2103 644 2165 quern
669 2081 795 2147 damnet
817 2087 901 2160 neci,

102 2187 189 2246 Dum
210 2185 381 2268 coniugem
405 2185 499 2260 inter,
526 2185 610 2247 inter
632 2201 664 2248 et
685 2200 792 2248 natum
814 2189 911 2264 stetit,

103 2284 214 2348 Oblita
235 2300 379 2361 matrem,
402 2286 515 2349 Redde
538 2287 760 2372 quodcumque
782 2310 818 2351 es
840 2291 905 2353 mei

102 2389 134 2454 0
157 2404 239 2464 nate,
266 2388 361 2467 dixit3
387 2390 502 2473 vixque
525 2389 667 2452 tendenti
689 2413 800 2453 manus

102 2491 226 2553 Aversa
246 2491 389 2576 iugulum
409 2492 529 2573 pressit
550 2506 581 2553 et
603 2493 740 2555 cultrum
762 2493 862 2577 impio

55 2599 85 2652 20
102 2590 224 2654 Defixit
246 2592 328 2655 ictu:
351 2593 490 2656 volvitur
510 2595 575 2655 leto
596 2615 688 2675 puer,

101 2700 272 2779 Manatque
293 2695 399 2758 tenuis
419 2715 558 2777 corpore
581 2695 734 2778 exsangui
756 2717 872 2759 cruor:

101 2799 265 2879 Exceptus
287 2797 343 2859 ille
365 2811 423 2872 est,
447 2821 488 2861 ne
510 2797 588 2881 quid
608 2797 763 2861 infaustae
787 2797 877 2880 dapis

102 2900 192 2962 Patri
214 2899 349 2981 periret.
393 2902 496 2982 Saepe
521 2902 560 2963 ab
583 2900 713 2983 incepto
736 2922 847 2962 manus

105 3000 237 3062 Scelere
261 3001 431 3082 resistunt3
458 3023 553 3085 saepe
577 3023 611 3065 se
635 3002 748 3064 infelix
769 3023 886 3085 parens

56 3111 84 3163 25
103 3105 138 3162 In
160 3102 286 3164 facinus
307 3119 410 3187 urget.
454 3107 570 3188 Perge,
592 3104 774 3186 perfectum
797 3121 846 3169 est
867 3105 968 3184 nefas,

101 3205 238 3267 Infausta
261 3207 421 3290 genitri13
443 3228 556 3292 perge,
584 3207 670 3291 quod
692 3223 790 3273 restat
809 3210 898 3292 pium
922 3225 979 3286 est,

100 3310 240 3370 Pasoere
263 3309 428 3370 maritum:
451 3308 531 3372 dixit
551 3325 585 3372 et
607 3309 697 3372 ferro
720 3326 805 3374 secat

101 3409 243 3473 Medium
265 3411 411 3486 cadaver,
433 3411 593 3474 viscerum
615 3413 705 3476 vellit
725 3411 822 3475 fibras

101 3511 216 3575 ⁴ddhuo
239 3515 406 3590 calentum,
427 3535 564 3598 moxque
587 3513 746 3577 frustatim
768 3536 843 3578 suos

57 3613 86 3670 3⁰
102 3616 224 3679 Errans
243 3638 305 3701 per
326 3631 422 3692 artus,
444 3637 505 3700 per
528 3617 722 3681 lacertorum
744 3639 850 3681 moras
