2356 4282
523 495 732 553 latentium

458 665 575 726 Actus
597 665 805 727 secundun·

442 829 647 884 Nabuzardun.
687 827 818 883 Nuntius.

170 950 251 1014 Nae.
272 951 312 1011 Ut
332 948 470 1033 pedibus
491 949 554 1011 alas
578 949 665 1012 addit
687 963 719 1012 et
742 950 829 1013 viret
850 948 967 1012 timor!

170 1055 234 1118 Vix
255 1066 469 1135 antegressos,
495 1052 590 1136 longa
613 1067 645 1115 et
667 1066 798 1114 enectos
820 1050 904 1113 seme

170 1155 342 1239 Sequimur
364 1152 542 1228 Hebraeos,
568 1155 641 1237 plus
664 1169 771 1216 tamen
791 1175 888 1216 cursu
911 1155 1027 1218 velent.

170 1259 233 1320 Hie
254 1256 350 1319 dubia
373 1277 484 1317 rursus
507 1257 617 1319 semita
639 1257 673 1318 in
694 1257 803 1339 plures
826 1257 903 1320 abit

136 1383 152 1433 5
172 1363 248 1434 Vos,
273 1381 333 1443 qua
355 1378 528 1419 renascens
550 1358 604 1421 vix
627 1359 711 1420 hene
731 1357 863 1441 affulget
886 1361 991 1437 iubar,

169 1466 365 1544 Properate3
390 1461 492 1522 maior
514 1459 616 1533 turba,
640 1481 701 1543 qua
722 1461 874 1523 Pharium
896 1477 946 1524 eet
964 1462 1039 1536 iter,

169 1561 374 1646 Mediumque
396 1563 490 1624 Titan
509 1560 667 1645 pendulus
688 1562 784 1624 libret
805 1563 892 1625 diem
900 1587 910 1642 ;

170 1667 237 1731 Vos
258 1665 303 1727 ite
326 1663 434 1739 medii,
461 1664 614 1739 abstrusa,
641 1664 781 1739 defossa,
806 1665 893 1729 invia

169 1770 316 1829 Lustrate
339 1767 483 1845 celeres3
507 1767 570 1828 vile
583 1787 658 1842 ,non
679 1766 801 1848 petitur
823 1782 926 1850 caput,

120 1889 153 1943 10
169 1871 237 1931 Nec
258 1869 377 1952 praeda
400 1870 522 1947 tenuis3
547 1869 676 1930 unicum
698 1871 837 1932 monitos
859 1870 954 1932 volu:

172 1972 306 2036 Servate
328 1993 451 2056 regem,
475 1970 585 2054 regiae
608 1984 640 2032 et
662 1970 794 2052 stirpem
817 1969 929 2033 domm

169 2078 290 2136 Tenete
314 2074 439 2147 vinclis,
463 2095 543 2157 quos
565 2072 883 2135 Nabuchodonosoro

170 2178 279 2238 Placet
300 2162 465 2252 exliiberi3
490 2175 586 2249 ruite,
617 2175 702 2236 etin
724 2176 836 2259 vulgus
857 2189 964 2237 truces

170 2279 295 2344 Saevite
316 2279 487 2361 reliquum.
535 2277 643 2340 Sistite
664 2276 718 2338 hic
739 2277 858 2360 reliqui
879 2278 1024 2360 gradum,

119 2383 152 2438 15
171 2381 336 2462 Captemus
359 2402 451 2442 auras
475 2379 627 2462 undique,
651 2378 737 2439 haud
759 2380 853 2462 longe
878 2400 955 2442 reor

170 2482 293 2543 Abesse
315 2483 496 2543 Hebraeos.
544 2484 610 2541 Nae
633 2480 764 2542 meleti
786 2479 932 2542 leudibus

169 2581 312 2645 Accedat
332 2605 440 2656 unum,
464 2582 575 2643 currui
597 2594 631 2643 ut
652 2583 794 2643 iunctum
816 2601 889 2645 meo

169 2690 293 2769 Regem
314 2683 467 2767 triumphi
490 2683 647 2745 ferculum
669 2685 821 2745 eximium
843 2683 987 2762 traham3

169 2790 250 2849 Tum
271 2808 321 2848 me
344 2787 471 2848 beatum
493 2800 525 2847 et
548 2786 695 2848 caelitum
719 2787 990 2851 excelsissimum!

118 2903 152 2956 20
172 2892 237 2951 Pei·
259 2889 385 2973 gemina
408 2886 533 2949 Phoebi
554 2887 652 2948 lustra
676 2887 729 2950 vix
749 2887 886 2950 fructum
907 2887 1001 2950 llium

170 2990 333 3075 Asiaeque
354 2991 501 3052 columen
525 2988 664 3050 dirutum
686 2989 803 3073 Argivi
825 3006 941 3053 canunt

169 3094 234 3154 Aut
254 3091 470 3170 mentiuntur3
496 3112 556 3154 nec
581 3112 670 3153 meae
692 3092 818 3174 possint
838 3106 943 3154 tamen

239 3342 274 3393 V.
297 3345 319 3394 1.
339 3355 401 3414 sqq.
422 3338 610 3395 Nabumrdan
627 3339 784 3415 fugientem
802 3339 953 3398 sedeciam
969 3340 1091 3414 insequi-

170 3435 221 3478 tur
238 3436 266 3478 et
284 3426 369 3498 capit.

237 3530 272 3582 V.
292 3532 316 3582 6.
336 3529 500 3583 Pharium
520 3529 595 3584 iter
624 3532 652 3584 h.
673 3549 695 3585 e
719 3531 798 3605 quod
815 3531 843 3585 in
860 3532 1022 3605 Aegyptum
1040 3532 1092 3588 du·

170 3612 217 3666 eit.
237 3611 280 3667 ef.
300 3610 354 3667 Sit.
374 3613 437 3669 Act.
456 3617 481 3681 1,
501 3621 528 3672 8.
