2356 4282
516 452 686 515 Ssosoms.
1004 448 1064 519 107

82 621 120 708 llll
137 622 173 685 Si
195 643 277 709 quos
297 623 474 708 relinques.
518 624 600 687 Nol.
620 621 719 704 Arma
743 620 799 704 qui
819 640 925 704 nuper
947 619 1043 685 ferox

136 724 275 808 Solymis
295 727 431 799 rotabat,
454 724 555 790 verba
577 745 670 808 quam
692 721 827 784 blandus
851 722 943 786 iacit!

134 829 185 888 En
207 825 267 889 tibi
288 826 456 890 trahuntur
477 827 576 890 liberi
584 848 595 906 3
621 827 777 910 amplexu,
802 825 921 887 osculis

134 931 286 1010 Lassare3
312 930 359 993 sic
380 944 412 993 te
435 929 543 994 decuit
563 930 693 1014 agnosci
714 943 847 1011 patrem.

134 1035 200 1096 ru.
212 1037 309 1103 Pater
319 1034 384 1096 heu
394 1037 401 1099 l
413 1049 505 1118 pater
517 1033 578 1094 mi!
617 1034 690 1097 Sed.
705 1031 781 1094 Filii
793 1031 857 1093 heu
870 1028 960 1115 digni
971 1044 1061 1114 patre

80 1137 118 1199 *⁰5
134 1134 316 1200 Feliciore!
342 1136 421 1221 quid
442 1137 570 1199 tenellis
592 1135 764 1220 compedes

135 1243 273 1303 Tentare
297 1238 418 1323 rigidas
440 1239 587 1302 manibus
610 1240 770 1302 incassum
791 1235 897 1301 iuvat?

133 1343 209 1403 Heu
220 1362 299 1404 vana
310 1342 428 1424 pietas!
467 1345 532 1406 ml.
553 1346 627 1406 Heu
639 1344 748 1426 pater!
765 1342 864 1404 miser
875 1341 940 1406 heu
950 1337 1060 1424 pater!

134 1444 207 1507 Seu.
228 1448 285 1518 lte,
306 1445 350 1506 ite
370 1445 445 1520 nati,
469 1446 632 1528 Principis
653 1460 766 1528 pectus
789 1444 854 1511 leri

134 1546 259 1608 Mollite
281 1547 448 1629 lacrymist
472 1562 577 1609 vestra
600 1547 772 1610 sollicitum
794 1548 878 1609 salus

80 1648 118 1709 2¹0
134 1649 242 1710 Habet
263 1664 440 1735 parentem,
464 1650 510 1710 nil
534 1672 620 1713 meas
642 1671 763 1733 poenas
785 1669 905 1712 moror.

132 1754 197 1816 Fu.
222 1752 382 1814 Miserere
404 1752 573 1835 Princeps,
595 1753 733 1816 vinculis
753 1768 879 1835 patrem
902 1750 1014 1812 exime.

131 1856 214 1919 Nat.
234 1855 354 1917 Procul
376 1868 533 1927 amoveto,
558 1855 663 1930 lictor,
684 1856 820 1918 invisum
842 1876 953 1938 genus.

131 1960 272 2018 Pereant
293 1956 432 2018 scelesti.
476 1957 548 2021 oea.
574 1958 715 2021 Sceleris
739 1971 900 2023 auctorem
922 1969 1014 2018 tenes

131 2061 248 2130 Reum,
270 2057 438 2120 fatentem:
463 2080 560 2163 parce
571 2061 697 2123 ..turbae
721 2059 880 2134 innoxiae,

80 2173 113 2229 315
132 2160 203 2222 Nisi
226 2159 252 2220 si
276 2159 308 2220 in
329 2130 647 2249 parentemgprlunini
668 2162 771 2244 p'etas
795 2160 896 2223 datur.

129 2263 213 2326 Nub.
234 2266 298 2324 lam
321 2277 393 2325 sunt
416 2252 582 2337 nocentes,
604 2185 733 2348 perilli,
756 2263 783 2325 si
807 2278 879 2326 sunt
900 2263 964 2326 tui:

131 2365 298 2429 Tollantur
321 2364 440 2428 hostes.
484 2366 558 2430 Seu.
577 2369 650 2429 Hoc
671 2367 756 2449 capit
775 2387 891 2429 nomen
914 2365 1017 2449 puer?

129 2470 212 2531 Nat.
234 2470 277 2529 At
296 2469 403 2552 capiet
420 2469 507 2543 olim,
527 2472 653 2550 Solyma
673 2492 743 2533 cum
767 2470 896 2551 generis
916 2491 1040 2533 memor

129 2577 285 2641 Recidiva
307 2593 423 2661 ponet:
446 2582 594 2662 pertinax
617 2602 706 2642 amor
727 2580 781 2641 hic
801 2578 903 2662 patris

80 2687 111 2739 20
129 2681 309 2744 Consulerc
332 2683 413 2745 natis
438 2697 509 2745 ante
537 2681 713 2745 Chaldaeos
738 2682 804 2744 suis

129 2783 328 2866 Penitusque
349 2782 428 2844 belli
451 2784 565 2846 tollere
587 2798 762 2846 sementem
784 2783 942 2849 admouet.

130 2885 205 2950 Sed.
229 2888 338 2949 Cessat
358 2886 473 2960 leonis,
497 2889 589 2950 hoste
611 2901 781 2969 prostrato,
808 2887 901 2950 furor
909 2910 919 2968 3

129 2990 265 3051 Lacerat
289 2987 423 3052 cadaver
443 2992 550 3073 siqua
573 2989 613 3055 de
635 2992 730 3074 vulgo
754 2989 824 3054 sera
846 3006 903 3054 est.

128 3091 211 3163 Nsb.
232 3092 416 3154 Prostratus
438 3093 540 3155 hostis
562 3114 658 3176 saepe
680 3093 767 3155 vires
789 3094 937 3177 integrat.

80 3203 107 3255 35
130 3193 206 3256 Seu.
228 3197 301 3256 Non
323 3195 369 3258 sic
391 3196 531 3258 iacemus
554 3194 704 3269 Isacidae,
738 3209 773 3257 ut
793 3198 940 3279 cuiquam
962 3196 1059 3263 timos·

128 3297 296 3360 Possimus
317 3317 401 3363 esse·
443 3298 524 3361 Neo.
546 3297 699 3381 Surgere,
723 3297 779 3383 qui
800 3298 889 3373 visit,
915 3314 1031 3381 potest.

126 3399 203 3465 Seu
223 3399 390 3464 Victorem
410 3400 444 3461 in
467 3421 563 3464 omne
585 3399 700 3462 lenitas
723 3400 839 3482 vulgus
861 3399 972 3481 decet3

129 3500 221 3599 Quid
231 3523 342 3586 regem
351 3503 384 3564 in
396 3503 497 3585 ipsum
506 3503 521 3564 ἱ)
531 3505 613 3569 Nat.
623 3504 746 3586 Nempe
754 3503 810 3584 qui
819 3523 876 3564 rex
886 3504 1058 3584 nouforet,

126 3604 200 3679 Nisi
210 3604 273 3671 hoc
285 3604 457 3679 dedissem.
483 3607 558 3675 Sed.
570 3607 716 3692 Regibus
728 3605 854 3673 luerem
865 3621 949 3672 satus
958 3630 968 3688 3
