<?xml version="1.0" encoding="UTF-8"?>
<!DOCTYPE html PUBLIC "-//W3C//DTD XHTML 1.0 Transitional//EN"
    "http://www.w3.org/TR/xhtml1/DTD/xhtml1-transitional.dtd">
<html xmlns="http://www.w3.org/1999/xhtml" xml:lang="en" lang="en">
 <head>
  <title>
</title>
<meta http-equiv="Content-Type" content="text/html;charset=utf-8" />
  <meta name='ocr-system' content='tesseract 3.04.00' />
  <meta name='ocr-capabilities' content='ocr_page ocr_carea ocr_par ocr_line ocrx_word'/>
</head>
<body>
  <div class='ocr_page' id='page_1' title='image "./tragoediaeselec00malagoog_0150.png"; bbox 0 0 2356 4282; ppageno 0'>
   <div class='ocr_carea' id='block_1_1' title="bbox 407 450 1036 524">
    <p class='ocr_par' dir='ltr' id='par_1_1' title="bbox 407 450 1036 524">
     <span class='ocr_line' id='line_1_1' title="bbox 407 450 1036 524; baseline 0.019 -12"><span class='ocrx_word' id='word_1_1' title='bbox 407 450 566 514; x_wconf 77' lang='lat' dir='ltr'><strong>Craterus</strong></span> <span class='ocrx_word' id='word_1_2' title='bbox 587 453 744 514; x_wconf 74' lang='lat' dir='ltr'><strong>Parmae.</strong></span> <span class='ocrx_word' id='word_1_3' title='bbox 977 452 1036 524; x_wconf 78' lang='grc'><strong>141</strong></span> 
     </span>
    </p>
   </div>
   <div class='ocr_carea' id='block_1_2' title="bbox 56 618 943 3650">
    <p class='ocr_par' dir='ltr' id='par_1_2' title="bbox 109 618 826 1009">
     <span class='ocr_line' id='line_1_2' title="bbox 109 618 794 704; baseline 0.004 -26"><span class='ocrx_word' id='word_1_4' title='bbox 109 619 233 681; x_wconf 79' lang='lat' dir='ltr'><strong>Durata</strong></span> <span class='ocrx_word' id='word_1_5' title='bbox 255 618 359 682; x_wconf 82' lang='lat' dir='ltr'><strong>siccos</strong></span> <span class='ocrx_word' id='word_1_6' title='bbox 380 619 465 683; x_wconf 86' lang='lat' dir='ltr'><strong>anda</strong></span> <span class='ocrx_word' id='word_1_7' title='bbox 487 620 662 683; x_wconf 78' lang='lat' dir='ltr'><strong>transmisit</strong></span> <span class='ocrx_word' id='word_1_8' title='bbox 683 619 794 704; x_wconf 89' lang='lat' dir='ltr'><strong>pedes.</strong></span> 
     </span>
     <span class='ocr_line' id='line_1_3' title="bbox 109 721 826 805; baseline 0.004 -24"><span class='ocrx_word' id='word_1_9' title='bbox 109 721 225 782; x_wconf 85' lang='lat' dir='ltr'><strong>Ferale</strong></span> <span class='ocrx_word' id='word_1_10' title='bbox 247 721 353 784; x_wconf 87' lang='lat' dir='ltr'><strong>morbi</strong></span> <span class='ocrx_word' id='word_1_11' title='bbox 375 723 476 786; x_wconf 82' lang='lat' dir='ltr'><strong>virtus</strong></span> <span class='ocrx_word' id='word_1_12' title='bbox 499 737 530 784; x_wconf 88' lang='lat' dir='ltr'><strong>et</strong></span> <span class='ocrx_word' id='word_1_13' title='bbox 549 722 704 786; x_wconf 89' lang='lat' dir='ltr'><strong>membris</strong></span> <span class='ocrx_word' id='word_1_14' title='bbox 727 742 826 805; x_wconf 75' lang='lat' dir='ltr'><strong>grave</strong></span> 
     </span>
     <span class='ocr_line' id='line_1_4' title="bbox 109 823 811 906; baseline 0.003 -24"><span class='ocrx_word' id='word_1_15' title='bbox 109 823 185 884; x_wconf 83' lang='lat' dir='ltr'><strong>Arti</strong></span> <span class='ocrx_word' id='word_1_16' title='bbox 205 837 354 906; x_wconf 87' lang='lat' dir='ltr'><strong>negatum</strong></span> <span class='ocrx_word' id='word_1_17' title='bbox 375 823 492 886; x_wconf 82' lang='lat' dir='ltr'><strong>aedera</strong></span> <span class='ocrx_word' id='word_1_18' title='bbox 515 824 671 887; x_wconf 88' lang='lat' dir='ltr'><strong>humanae</strong></span> <span class='ocrx_word' id='word_1_19' title='bbox 695 824 811 885; x_wconf 92' lang='lat' dir='ltr'><strong>malum</strong></span> 
     </span>
     <span class='ocr_line' id='line_1_5' title="bbox 110 924 799 1009; baseline -0.003 -22"><span class='ocrx_word' id='word_1_20' title='bbox 110 925 183 987; x_wconf 89' lang='lat' dir='ltr'><strong>Vox</strong></span> <span class='ocrx_word' id='word_1_21' title='bbox 204 924 328 987; x_wconf 85' lang='lat' dir='ltr'><strong>medica</strong></span> <span class='ocrx_word' id='word_1_22' title='bbox 349 927 436 1001; x_wconf 81' lang='lat' dir='ltr'><strong>rioit,</strong></span> <span class='ocrx_word' id='word_1_23' title='bbox 462 927 557 1009; x_wconf 89' lang='lat' dir='ltr'><strong>longa</strong></span> <span class='ocrx_word' id='word_1_24' title='bbox 581 927 683 1009; x_wconf 86' lang='lat' dir='ltr'><strong>caligo</strong></span> <span class='ocrx_word' id='word_1_25' title='bbox 707 925 799 1009; x_wconf 84' lang='lat' dir='ltr'><strong>fugit,</strong></span> 
     </span>
    </p>

    <p class='ocr_par' dir='ltr' id='par_1_3' title="bbox 57 1026 818 1315">
     <span class='ocr_line' id='line_1_6' title="bbox 57 1026 818 1109; baseline 0.008 -29"><span class='ocrx_word' id='word_1_26' title='bbox 57 1029 93 1080; x_wconf 80' lang='lat'><strong>50</strong></span> <span class='ocrx_word' id='word_1_27' title='bbox 110 1029 266 1109; x_wconf 87' lang='lat' dir='ltr'><strong>Meaeque</strong></span> <span class='ocrx_word' id='word_1_28' title='bbox 289 1047 406 1089; x_wconf 81' lang='lat' dir='ltr'><strong>coecus</strong></span> <span class='ocrx_word' id='word_1_29' title='bbox 428 1026 578 1090; x_wconf 85' lang='lat' dir='ltr'><strong>dexterae</strong></span> <span class='ocrx_word' id='word_1_30' title='bbox 603 1027 700 1089; x_wconf 91' lang='lat' dir='ltr'><strong>debet</strong></span> <span class='ocrx_word' id='word_1_31' title='bbox 722 1026 818 1088; x_wconf 89' lang='lat' dir='ltr'><strong>diem.</strong></span> 
     </span>
     <span class='ocr_line' id='line_1_7' title="bbox 111 1125 745 1214; baseline 0.002 -24"><span class='ocrx_word' id='word_1_32' title='bbox 111 1125 248 1190; x_wconf 82' lang='lat' dir='ltr'><strong>Auditur</strong></span> <span class='ocrx_word' id='word_1_33' title='bbox 269 1129 324 1191; x_wconf 89' lang='lat' dir='ltr'><strong>ille</strong></span> <span class='ocrx_word' id='word_1_34' title='bbox 346 1131 402 1214; x_wconf 87' lang='lat' dir='ltr'><strong>qui</strong></span> <span class='ocrx_word' id='word_1_35' title='bbox 423 1151 485 1192; x_wconf 83' lang='lat' dir='ltr'><strong>nee</strong></span> <span class='ocrx_word' id='word_1_36' title='bbox 505 1129 625 1191; x_wconf 87' lang='lat' dir='ltr'><strong>audivit</strong></span> <span class='ocrx_word' id='word_1_37' title='bbox 645 1130 745 1213; x_wconf 87' lang='lat' dir='ltr'><strong>prius,</strong></span> 
     </span>
     <span class='ocr_line' id='line_1_8' title="bbox 113 1229 794 1315; baseline 0.003 -25"><span class='ocrx_word' id='word_1_38' title='bbox 113 1229 345 1315; x_wconf 82' lang='lat' dir='ltr'><strong>silentiumque</strong></span> <span class='ocrx_word' id='word_1_39' title='bbox 368 1231 489 1314; x_wconf 82' lang='lat' dir='ltr'><strong>rumpit</strong></span> <span class='ocrx_word' id='word_1_40' title='bbox 510 1232 543 1290; x_wconf 90' lang='lat' dir='ltr'><strong>in</strong></span> <span class='ocrx_word' id='word_1_41' title='bbox 566 1230 676 1293; x_wconf 89' lang='lat' dir='ltr'><strong>laudes</strong></span> <span class='ocrx_word' id='word_1_42' title='bbox 698 1251 794 1294; x_wconf 86' lang='lat' dir='ltr'><strong>meas.</strong></span> 
     </span>
    </p>

    <p class='ocr_par' dir='ltr' id='par_1_4' title="bbox 111 1330 865 1515">
     <span class='ocr_line' id='line_1_9' title="bbox 112 1330 865 1425; baseline 0.005 -35"><span class='ocrx_word' id='word_1_43' title='bbox 112 1330 200 1425; x_wconf 76' lang='lat' dir='ltr'><strong>Quid</strong></span> <span class='ocrx_word' id='word_1_44' title='bbox 221 1332 275 1394; x_wconf 90' lang='lat' dir='ltr'><strong>illa</strong></span> <span class='ocrx_word' id='word_1_45' title='bbox 295 1334 413 1395; x_wconf 86' lang='lat' dir='ltr'><strong>sanctis</strong></span> <span class='ocrx_word' id='word_1_46' title='bbox 435 1353 564 1416; x_wconf 88' lang='lat' dir='ltr'><strong>semper</strong></span> <span class='ocrx_word' id='word_1_47' title='bbox 583 1331 716 1394; x_wconf 83' lang='lat' dir='ltr'><strong>adversa</strong></span> <span class='ocrx_word' id='word_1_48' title='bbox 739 1347 772 1396; x_wconf 89' lang='lat' dir='ltr'><strong>et</strong></span> <span class='ocrx_word' id='word_1_49' title='bbox 793 1336 865 1394; x_wconf 92' lang='lat' dir='ltr'><strong>Deo</strong></span> 
     </span>
     <span class='ocr_line' id='line_1_10' title="bbox 111 1433 723 1515; baseline 0.002 -22"><span class='ocrx_word' id='word_1_50' title='bbox 111 1433 248 1495; x_wconf 80' lang='lat' dir='ltr'><strong>Hostilia</strong></span> <span class='ocrx_word' id='word_1_51' title='bbox 270 1434 371 1495; x_wconf 88' lang='lat' dir='ltr'><strong>Erebi</strong></span> <span class='ocrx_word' id='word_1_52' title='bbox 393 1433 463 1495; x_wconf 90' lang='lat' dir='ltr'><strong>dira</strong></span> <span class='ocrx_word' id='word_1_53' title='bbox 484 1433 632 1515; x_wconf 89' lang='lat' dir='ltr'><strong>pallentis</strong></span> <span class='ocrx_word' id='word_1_54' title='bbox 654 1435 723 1494; x_wconf 89' lang='lat' dir='ltr'><strong>lues</strong></span> 
     </span>
    </p>

    <p class='ocr_par' dir='ltr' id='par_1_5' title="bbox 60 1535 890 2025">
     <span class='ocr_line' id='line_1_11' title="bbox 60 1535 786 1618; baseline -0.007 -18"><span class='ocrx_word' id='word_1_55' title='bbox 60 1549 92 1600; x_wconf 82' lang='grc'><strong>55</strong></span> <span class='ocrx_word' id='word_1_56' title='bbox 112 1538 184 1596; x_wconf 89' lang='lat' dir='ltr'><strong>Non</strong></span> <span class='ocrx_word' id='word_1_57' title='bbox 204 1537 295 1617; x_wconf 88' lang='lat' dir='ltr'><strong>pulsa</strong></span> <span class='ocrx_word' id='word_1_58' title='bbox 318 1536 437 1598; x_wconf 87' lang='lat' dir='ltr'><strong>nostris</strong></span> <span class='ocrx_word' id='word_1_59' title='bbox 460 1535 586 1618; x_wconf 85' lang='lat' dir='ltr'><strong>legibus</strong></span> <span class='ocrx_word' id='word_1_60' title='bbox 608 1535 786 1598; x_wconf 85' lang='lat' dir='ltr'><strong>mortalium</strong></span> 
     </span>
     <span class='ocr_line' id='line_1_12' title="bbox 112 1635 890 1720; baseline 0.001 -24"><span class='ocrx_word' id='word_1_61' title='bbox 112 1635 262 1698; x_wconf 88' lang='lat' dir='ltr'><strong>Habitata</strong></span> <span class='ocrx_word' id='word_1_62' title='bbox 282 1637 399 1720; x_wconf 88' lang='lat' dir='ltr'><strong>linquit</strong></span> <span class='ocrx_word' id='word_1_63' title='bbox 416 1651 549 1719; x_wconf 86' lang='lat' dir='ltr'><strong>pectora</strong></span> <span class='ocrx_word' id='word_1_64' title='bbox 571 1651 604 1700; x_wconf 92' lang='lat' dir='ltr'><strong>et</strong></span> <span class='ocrx_word' id='word_1_65' title='bbox 626 1657 739 1698; x_wconf 86' lang='lat' dir='ltr'><strong>vocem</strong></span> <span class='ocrx_word' id='word_1_66' title='bbox 759 1636 890 1698; x_wconf 71' lang='lat' dir='ltr'><strong>tremit?</strong></span> 
     </span>
     <span class='ocr_line' id='line_1_13' title="bbox 111 1739 832 1821; baseline 0.008 -24"><span class='ocrx_word' id='word_1_67' title='bbox 111 1740 191 1800; x_wconf 89' lang='lat' dir='ltr'><strong>Post</strong></span> <span class='ocrx_word' id='word_1_68' title='bbox 211 1760 310 1821; x_wconf 87' lang='lat' dir='ltr'><strong>opera</strong></span> <span class='ocrx_word' id='word_1_69' title='bbox 331 1753 413 1801; x_wconf 86' lang='lat' dir='ltr'><strong>tanta</strong></span> <span class='ocrx_word' id='word_1_70' title='bbox 435 1760 500 1800; x_wconf 90' lang='lat' dir='ltr'><strong>non</strong></span> <span class='ocrx_word' id='word_1_71' title='bbox 522 1739 598 1801; x_wconf 87' lang='lat' dir='ltr'><strong>satis</strong></span> <span class='ocrx_word' id='word_1_72' title='bbox 619 1739 748 1801; x_wconf 87' lang='lat' dir='ltr'><strong>Christo</strong></span> <span class='ocrx_word' id='word_1_73' title='bbox 769 1739 832 1803; x_wconf 87' lang='lat' dir='ltr'><strong>fuit</strong></span> 
     </span>
     <span class='ocr_line' id='line_1_14' title="bbox 111 1838 776 1924; baseline 0 -24"><span class='ocrx_word' id='word_1_74' title='bbox 111 1838 273 1901; x_wconf 72' lang='lat' dir='ltr'><strong>Prodesse</strong></span> <span class='ocrx_word' id='word_1_75' title='bbox 297 1840 388 1914; x_wconf 83' lang='lat' dir='ltr'><strong>vivis,</strong></span> <span class='ocrx_word' id='word_1_76' title='bbox 414 1839 520 1902; x_wconf 80' lang='lat' dir='ltr'><strong>victor</strong></span> <span class='ocrx_word' id='word_1_77' title='bbox 540 1841 663 1924; x_wconf 81' lang='lat' dir='ltr'><strong>ingenti</strong></span> <span class='ocrx_word' id='word_1_78' title='bbox 683 1862 776 1901; x_wconf 90' lang='lat' dir='ltr'><strong>manu</strong></span> 
     </span>
     <span class='ocr_line' id='line_1_15' title="bbox 112 1941 842 2025; baseline 0 -23"><span class='ocrx_word' id='word_1_79' title='bbox 112 1941 211 2024; x_wconf 83' lang='lat' dir='ltr'><strong>Fregi</strong></span> <span class='ocrx_word' id='word_1_80' title='bbox 233 1942 381 2003; x_wconf 85' lang='lat' dir='ltr'><strong>silentum</strong></span> <span class='ocrx_word' id='word_1_81' title='bbox 402 1962 501 2025; x_wconf 87' lang='lat' dir='ltr'><strong>regna</strong></span> <span class='ocrx_word' id='word_1_82' title='bbox 524 1956 556 2004; x_wconf 93' lang='lat' dir='ltr'><strong>et</strong></span> <span class='ocrx_word' id='word_1_83' title='bbox 577 1942 715 2004; x_wconf 82' lang='lat' dir='ltr'><strong>inferum</strong></span> <span class='ocrx_word' id='word_1_84' title='bbox 737 1941 842 2005; x_wconf 88' lang='lat' dir='ltr'><strong>chaos.</strong></span> 
     </span>
    </p>

    <p class='ocr_par' dir='ltr' id='par_1_6' title="bbox 61 2041 916 2535">
     <span class='ocr_line' id='line_1_16' title="bbox 61 2041 763 2125; baseline 0 -23"><span class='ocrx_word' id='word_1_85' title='bbox 61 2058 93 2111; x_wconf 83' lang='lat'><strong>60</strong></span> <span class='ocrx_word' id='word_1_86' title='bbox 113 2041 228 2103; x_wconf 88' lang='lat' dir='ltr'><strong>Terris</strong></span> <span class='ocrx_word' id='word_1_87' title='bbox 248 2055 281 2103; x_wconf 89' lang='lat' dir='ltr'><strong>et</strong></span> <span class='ocrx_word' id='word_1_88' title='bbox 301 2041 394 2103; x_wconf 87' lang='lat' dir='ltr'><strong>astris</strong></span> <span class='ocrx_word' id='word_1_89' title='bbox 415 2056 448 2103; x_wconf 92' lang='lat' dir='ltr'><strong>et</strong></span> <span class='ocrx_word' id='word_1_90' title='bbox 468 2043 662 2125; x_wconf 88' lang='lat' dir='ltr'><strong>triumphato</strong></span> <span class='ocrx_word' id='word_1_91' title='bbox 683 2043 763 2104; x_wconf 89' lang='lat' dir='ltr'><strong>mari</strong></span> 
     </span>
     <span class='ocr_line' id='line_1_17' title="bbox 112 2143 870 2228; baseline -0.001 -23"><span class='ocrx_word' id='word_1_92' title='bbox 112 2143 264 2205; x_wconf 78' lang='lat' dir='ltr'><strong>Restabat</strong></span> <span class='ocrx_word' id='word_1_93' title='bbox 286 2163 401 2204; x_wconf 83' lang='lat' dir='ltr'><strong>orcus:</strong></span> <span class='ocrx_word' id='word_1_94' title='bbox 425 2163 486 2225; x_wconf 87' lang='lat' dir='ltr'><strong>per</strong></span> <span class='ocrx_word' id='word_1_95' title='bbox 506 2145 722 2226; x_wconf 86' lang='lat' dir='ltr'><strong>sepulchrales</strong></span> <span class='ocrx_word' id='word_1_96' title='bbox 745 2164 870 2228; x_wconf 85' lang='lat' dir='ltr'><strong>specus,</strong></span> 
     </span>
     <span class='ocr_line' id='line_1_18' title="bbox 111 2232 916 2331; baseline 0 -20"><span class='ocrx_word' id='word_1_97' title='bbox 111 2253 177 2311; x_wconf 89' lang='lat' dir='ltr'><strong>Per</strong></span> <span class='ocrx_word' id='word_1_98' title='bbox 199 2262 310 2331; x_wconf 87' lang='lat' dir='ltr'><strong>operta</strong></span> <span class='ocrx_word' id='word_1_99' title='bbox 329 2232 430 2312; x_wconf 51' lang='lat' dir='ltr'><strong>&#39;terris</strong></span> <span class='ocrx_word' id='word_1_100' title='bbox 454 2249 523 2309; x_wconf 90' lang='lat' dir='ltr'><strong>iura</strong></span> <span class='ocrx_word' id='word_1_101' title='bbox 546 2262 577 2310; x_wconf 90' lang='lat' dir='ltr'><strong>et</strong></span> <span class='ocrx_word' id='word_1_102' title='bbox 598 2248 781 2312; x_wconf 86' lang='lat' dir='ltr'><strong>umbrarum</strong></span> <span class='ocrx_word' id='word_1_103' title='bbox 804 2249 916 2313; x_wconf 88' lang='lat' dir='ltr'><strong>domos</strong></span> 
     </span>
     <span class='ocr_line' id='line_1_19' title="bbox 112 2351 733 2434; baseline 0 -22"><span class='ocrx_word' id='word_1_104' title='bbox 112 2351 250 2434; x_wconf 85' lang='lat' dir='ltr'><strong>imperia</strong></span> <span class='ocrx_word' id='word_1_105' title='bbox 270 2351 353 2425; x_wconf 88' lang='lat' dir='ltr'><strong>misi,</strong></span> <span class='ocrx_word' id='word_1_106' title='bbox 379 2351 504 2413; x_wconf 85' lang='lat' dir='ltr'><strong>funeris</strong></span> <span class='ocrx_word' id='word_1_107' title='bbox 525 2352 624 2414; x_wconf 83' lang='lat' dir='ltr'><strong>laceri</strong></span> <span class='ocrx_word' id='word_1_108' title='bbox 645 2351 733 2414; x_wconf 85' lang='lat' dir='ltr'><strong>calor</strong></span> 
     </span>
     <span class='ocr_line' id='line_1_20' title="bbox 111 2452 822 2535; baseline 0.001 -24"><span class='ocrx_word' id='word_1_109' title='bbox 111 2452 275 2514; x_wconf 81' lang='lat' dir='ltr'><strong>Animavit</strong></span> <span class='ocrx_word' id='word_1_110' title='bbox 295 2466 395 2514; x_wconf 85' lang='lat' dir='ltr'><strong>artus:</strong></span> <span class='ocrx_word' id='word_1_111' title='bbox 418 2452 530 2514; x_wconf 85' lang='lat' dir='ltr'><strong>mortis</strong></span> <span class='ocrx_word' id='word_1_112' title='bbox 552 2454 717 2534; x_wconf 83' lang='lat' dir='ltr'><strong>expulsum</strong></span> <span class='ocrx_word' id='word_1_113' title='bbox 739 2453 822 2535; x_wconf 88' lang='lat' dir='ltr'><strong>gelu,</strong></span> 
     </span>
    </p>

    <p class='ocr_par' dir='ltr' id='par_1_7' title="bbox 62 2552 927 3054">
     <span class='ocr_line' id='line_1_21' title="bbox 62 2552 821 2636; baseline 0 -22"><span class='ocrx_word' id='word_1_114' title='bbox 62 2569 94 2622; x_wconf 80' lang='grc'><strong>65</strong></span> <span class='ocrx_word' id='word_1_115' title='bbox 112 2557 277 2636; x_wconf 88' lang='lat' dir='ltr'><strong>Retroque</strong></span> <span class='ocrx_word' id='word_1_116' title='bbox 302 2553 336 2615; x_wconf 93' lang='lat' dir='ltr'><strong>in</strong></span> <span class='ocrx_word' id='word_1_117' title='bbox 360 2573 451 2615; x_wconf 88' lang='lat' dir='ltr'><strong>auras</strong></span> <span class='ocrx_word' id='word_1_118' title='bbox 472 2553 617 2614; x_wconf 89' lang='lat' dir='ltr'><strong>manibus</strong></span> <span class='ocrx_word' id='word_1_119' title='bbox 639 2552 740 2635; x_wconf 88' lang='lat' dir='ltr'><strong>patuit</strong></span> <span class='ocrx_word' id='word_1_120' title='bbox 761 2552 821 2616; x_wconf 77' lang='lat' dir='ltr'><strong>via.</strong></span> 
     </span>
     <span class='ocr_line' id='line_1_22' title="bbox 111 2653 758 2736; baseline -0.006 -19"><span class='ocrx_word' id='word_1_121' title='bbox 111 2658 253 2718; x_wconf 84' lang='lat' dir='ltr'><strong>Renatus</strong></span> <span class='ocrx_word' id='word_1_122' title='bbox 274 2654 344 2736; x_wconf 90' lang='lat' dir='ltr'><strong>ipso</strong></span> <span class='ocrx_word' id='word_1_123' title='bbox 365 2653 444 2715; x_wconf 75' lang='lat' dir='ltr'><strong>tivit</strong></span> <span class='ocrx_word' id='word_1_124' title='bbox 466 2675 505 2715; x_wconf 88' lang='lat' dir='ltr'><strong>ex</strong></span> <span class='ocrx_word' id='word_1_125' title='bbox 525 2655 646 2715; x_wconf 90' lang='lat' dir='ltr'><strong>tumulo</strong></span> <span class='ocrx_word' id='word_1_126' title='bbox 668 2653 758 2728; x_wconf 85' lang='lat' dir='ltr'><strong>cinis,</strong></span> 
     </span>
     <span class='ocr_line' id='line_1_23' title="bbox 112 2753 927 2839; baseline -0.012 -20"><span class='ocrx_word' id='word_1_127' title='bbox 112 2761 283 2839; x_wconf 88' lang='lat' dir='ltr'><strong>Meumque</strong></span> <span class='ocrx_word' id='word_1_128' title='bbox 305 2776 417 2815; x_wconf 88' lang='lat' dir='ltr'><strong>munus</strong></span> <span class='ocrx_word' id='word_1_129' title='bbox 439 2754 547 2837; x_wconf 88' lang='lat' dir='ltr'><strong>spirat,</strong></span> <span class='ocrx_word' id='word_1_130' title='bbox 570 2769 602 2816; x_wconf 90' lang='lat' dir='ltr'><strong>at</strong></span> <span class='ocrx_word' id='word_1_131' title='bbox 623 2760 712 2816; x_wconf 84' lang='lat' dir='ltr'><strong>Mors</strong></span> <span class='ocrx_word' id='word_1_132' title='bbox 732 2753 849 2815; x_wconf 85' lang='lat' dir='ltr'><strong>arctius</strong></span> <span class='ocrx_word' id='word_1_133' title='bbox 926 2806 927 2809; x_wconf 74' lang='grc'>,</span> 
     </span>
     <span class='ocr_line' id='line_1_24' title="bbox 111 2855 858 2940; baseline -0.004 -22"><span class='ocrx_word' id='word_1_134' title='bbox 111 2861 263 2940; x_wconf 84' lang='lat' dir='ltr'><strong>Regnare</strong></span> <span class='ocrx_word' id='word_1_135' title='bbox 286 2856 379 2928; x_wconf 88' lang='lat' dir='ltr'><strong>iussa,</strong></span> <span class='ocrx_word' id='word_1_136' title='bbox 402 2874 463 2916; x_wconf 89' lang='lat' dir='ltr'><strong>neo</strong></span> <span class='ocrx_word' id='word_1_137' title='bbox 485 2857 593 2918; x_wconf 85' lang='lat' dir='ltr'><strong>solens</strong></span> <span class='ocrx_word' id='word_1_138' title='bbox 614 2855 760 2916; x_wconf 89' lang='lat' dir='ltr'><strong>damnum</strong></span> <span class='ocrx_word' id='word_1_139' title='bbox 782 2855 858 2938; x_wconf 83' lang='lat' dir='ltr'><strong>pati,</strong></span> 
     </span>
     <span class='ocr_line' id='line_1_25' title="bbox 112 2956 775 3054; baseline -0.005 -34"><span class='ocrx_word' id='word_1_140' title='bbox 112 2958 268 3054; x_wconf 78' lang='lat' dir='ltr'><strong>Queritur</strong></span> <span class='ocrx_word' id='word_1_141' title='bbox 288 2958 392 3019; x_wconf 89' lang='lat' dir='ltr'><strong>retexi</strong></span> <span class='ocrx_word' id='word_1_142' title='bbox 413 2956 486 3031; x_wconf 87' lang='lat' dir='ltr'><strong>fata,</strong></span> <span class='ocrx_word' id='word_1_143' title='bbox 508 2978 568 3020; x_wconf 86' lang='lat' dir='ltr'><strong>neo</strong></span> <span class='ocrx_word' id='word_1_144' title='bbox 589 2977 703 3021; x_wconf 83' lang='lat' dir='ltr'><strong>census</strong></span> <span class='ocrx_word' id='word_1_145' title='bbox 725 2956 775 3018; x_wconf 89' lang='lat' dir='ltr'><strong>sui</strong></span> 
     </span>
    </p>

    <p class='ocr_par' dir='ltr' id='par_1_8' title="bbox 58 3061 943 3345">
     <span class='ocr_line' id='line_1_26' title="bbox 58 3061 943 3141; baseline -0.003 -18"><span class='ocrx_word' id='word_1_146' title='bbox 58 3076 94 3128; x_wconf 82' lang='lat'><strong>70</strong></span> <span class='ocrx_word' id='word_1_147' title='bbox 113 3064 267 3123; x_wconf 86' lang='lat' dir='ltr'><strong>Constare</strong></span> <span class='ocrx_word' id='word_1_148' title='bbox 289 3080 467 3131; x_wconf 89' lang='lat' dir='ltr'><strong>numerum,</strong></span> <span class='ocrx_word' id='word_1_149' title='bbox 489 3080 549 3141; x_wconf 89' lang='lat' dir='ltr'><strong>pro</strong></span> <span class='ocrx_word' id='word_1_150' title='bbox 571 3073 617 3122; x_wconf 88' lang='lat' dir='ltr'><strong>tot</strong></span> <span class='ocrx_word' id='word_1_151' title='bbox 636 3061 820 3121; x_wconf 90' lang='lat' dir='ltr'><strong>umbrarum</strong></span> <span class='ocrx_word' id='word_1_152' title='bbox 843 3077 943 3141; x_wconf 82' lang='lat' dir='ltr'><strong>grege</strong></span> 
     </span>
     <span class='ocr_line' id='line_1_27' title="bbox 111 3159 886 3245; baseline -0.004 -22"><span class='ocrx_word' id='word_1_153' title='bbox 111 3165 249 3245; x_wconf 81' lang='lat' dir='ltr'><strong>Egomet</strong></span> <span class='ocrx_word' id='word_1_154' title='bbox 269 3180 427 3242; x_wconf 76' lang='lat' dir='ltr'><strong>reposcos</strong></span> <span class='ocrx_word' id='word_1_155' title='bbox 448 3160 575 3224; x_wconf 76' lang='lat' dir='ltr'><strong>victima</strong></span> <span class='ocrx_word' id='word_1_156' title='bbox 596 3159 780 3223; x_wconf 86' lang='lat' dir='ltr'><strong>horrendae</strong></span> <span class='ocrx_word' id='word_1_157' title='bbox 802 3160 886 3221; x_wconf 85' lang='lat' dir='ltr'><strong>neci.</strong></span> 
     </span>
     <span class='ocr_line' id='line_1_28' title="bbox 110 3255 748 3345; baseline -0.003 -21"><span class='ocrx_word' id='word_1_158' title='bbox 110 3266 242 3345; x_wconf 83' lang='lat' dir='ltr'><strong>Ergone</strong></span> <span class='ocrx_word' id='word_1_159' title='bbox 263 3255 364 3323; x_wconf 84' lang='lat' dir='ltr'><strong>tristis</strong></span> <span class='ocrx_word' id='word_1_160' title='bbox 387 3261 467 3322; x_wconf 88' lang='lat' dir='ltr'><strong>hora</strong></span> <span class='ocrx_word' id='word_1_161' title='bbox 488 3258 606 3323; x_wconf 75' lang='lat' dir='ltr'><strong>venisti</strong></span> <span class='ocrx_word' id='word_1_162' title='bbox 628 3276 748 3336; x_wconf 68' lang='lat' dir='ltr'><strong>tamen,</strong></span> 
     </span>
    </p>

    <p class='ocr_par' dir='ltr' id='par_1_9' title="bbox 56 3361 934 3650">
     <span class='ocr_line' id='line_1_29' title="bbox 111 3361 897 3460; baseline -0.004 -35"><span class='ocrx_word' id='word_1_163' title='bbox 111 3367 182 3460; x_wconf 83' lang='lat' dir='ltr'><strong>Qua</strong></span> <span class='ocrx_word' id='word_1_164' title='bbox 203 3377 317 3446; x_wconf 80' lang='lat' dir='ltr'><strong>pereat</strong></span> <span class='ocrx_word' id='word_1_165' title='bbox 339 3361 429 3424; x_wconf 88' lang='lat' dir='ltr'><strong>orbis</strong></span> <span class='ocrx_word' id='word_1_166' title='bbox 452 3377 572 3437; x_wconf 86' lang='lat' dir='ltr'><strong>auctor,</strong></span> <span class='ocrx_word' id='word_1_167' title='bbox 599 3377 631 3424; x_wconf 92' lang='lat' dir='ltr'><strong>et</strong></span> <span class='ocrx_word' id='word_1_168' title='bbox 651 3364 750 3425; x_wconf 89' lang='lat' dir='ltr'><strong>letum</strong></span> <span class='ocrx_word' id='word_1_169' title='bbox 772 3372 897 3446; x_wconf 89' lang='lat' dir='ltr'><strong>premat</strong></span> 
     </span>
     <span class='ocr_line' id='line_1_30' title="bbox 110 3461 816 3530; baseline -0.008 -1"><span class='ocrx_word' id='word_1_170' title='bbox 110 3467 204 3530; x_wconf 88' lang='lat' dir='ltr'><strong>Vitae</strong></span> <span class='ocrx_word' id='word_1_171' title='bbox 227 3461 396 3529; x_wconf 71' lang='lat' dir='ltr'><strong>datorem?</strong></span> <span class='ocrx_word' id='word_1_172' title='bbox 417 3465 483 3525; x_wconf 88' lang='lat' dir='ltr'><strong>ruit</strong></span> <span class='ocrx_word' id='word_1_173' title='bbox 502 3466 536 3525; x_wconf 91' lang='lat' dir='ltr'><strong>in</strong></span> <span class='ocrx_word' id='word_1_174' title='bbox 558 3463 689 3526; x_wconf 86' lang='lat' dir='ltr'><strong>exitium</strong></span> <span class='ocrx_word' id='word_1_175' title='bbox 710 3484 816 3524; x_wconf 89' lang='lat' dir='ltr'><strong>meum</strong></span> 
     </span>
     <span class='ocr_line' id='line_1_31' title="bbox 56 3564 934 3650; baseline -0.006 -18"><span class='ocrx_word' id='word_1_176' title='bbox 56 3593 90 3644; x_wconf 83' lang='lat'><strong>75</strong></span> <span class='ocrx_word' id='word_1_177' title='bbox 109 3568 223 3631; x_wconf 86' lang='lat' dir='ltr'><strong>Ferale</strong></span> <span class='ocrx_word' id='word_1_178' title='bbox 246 3582 381 3648; x_wconf 88' lang='lat' dir='ltr'><strong>tempus,</strong></span> <span class='ocrx_word' id='word_1_179' title='bbox 406 3586 551 3650; x_wconf 85' lang='lat' dir='ltr'><strong>quaeque</strong></span> <span class='ocrx_word' id='word_1_180' title='bbox 573 3585 657 3628; x_wconf 88' lang='lat' dir='ltr'><strong>nunc</strong></span> <span class='ocrx_word' id='word_1_181' title='bbox 678 3564 804 3627; x_wconf 87' lang='lat' dir='ltr'><strong>umbrat</strong></span> <span class='ocrx_word' id='word_1_182' title='bbox 823 3566 934 3649; x_wconf 89' lang='lat' dir='ltr'><strong>polum</strong></span> 
     </span>
    </p>
   </div>
   <div class='ocr_carea' id='block_1_3' title="bbox 0 0 1182 4282">
    <p class='ocr_par' dir='ltr' id='par_1_10' title="bbox 0 0 1182 4282">
     <span class='ocr_line' id='line_1_32' title="bbox 0 0 1182 4282; baseline 0 0"><span class='ocrx_word' id='word_1_183' title='bbox 0 0 1182 4282; x_wconf 95' lang='lat' dir='ltr'><strong> </strong></span> 
     </span>
    </p>
   </div>
  </div>
 </body>
</html>
