2356 4282
526 460 669 525 Srosms.

128 626 254 693 Indicia
275 630 371 714 gestit
389 630 521 693 animus.
545 631 574 694 Ο
597 644 745 716 quantum
765 631 850 694 ferat

130 734 203 800 Vox
222 733 278 795 illa
298 733 415 817 pretii!
437 732 501 796 Sed
523 732 623 818 gradu
645 735 777 799 attonito
798 734 902 814 redit3

62 841 115 893 185
133 836 209 911 Ceu,
232 856 304 901 oum
325 835 489 900 furentem
510 852 643 920 pectore
666 838 795 922 excepit
817 836 922 912 deum,

129 942 243 1002 Insana
264 939 387 1023 rapitur
409 945 546 1003 Maenas.
570 941 635 1003 Hic
657 963 810 1026 quorsum
830 939 924 1004 tudes

128 1041 334 1128 Clavusque?
356 1042 435 1128 quid
455 1041 608 1106 molitur?

545 1287 639 1338 ludet.

564 1427 699 1491 Excussi
721 1427 845 1491 omnia:

124 1532 218 1595 Nihil
237 1545 402 1614 repertum
424 1547 482 1606 est,
504 1545 647 1614 praestet
668 1531 722 1593 hio
743 1529 801 1593 teli
818 1529 922 1594 vicem

127 1634 297 1718 Capitique
320 1634 457 1711 adactus,
486 1656 545 1719 que
567 1635 656 1696 neeis
678 1653 832 1716 praesens
854 1632 906 1696 via
929 1645 979 1694 est

48 1733 107 1786 19⁰
126 1738 170 1798 Et
188 1737 293 1798 mollis
316 1737 429 1812 aditus,
452 1753 576 1820 tempus
599 1734 709 1820 affigat
732 1737 800 1799 solo

125 1843 317 1923 Utrumque:
341 1855 433 1923 captu
454 1839 559 1902 facilis
581 1854 674 1923 atque
695 1853 784 1902 arcto
806 1838 889 1901 iacet

61 1976 64 1980 *
126 1944 248 2005 Somno
273 1944 424 2024 sepultus.
447 1942 562 2025 Aperit
584 1939 712 2001 insidiis
736 1940 817 2003 riom

125 2047 279 2107 Fortuna.
306 2043 433 2106 Iamiam
456 2043 578 2106 invade.
603 2039 798 2104 Prossantem
822 2040 916 2103 audio

126 2151 211 2210 Toto
232 2168 385 2231 soporem
406 2161 551 2229 pectore.
573 2147 758 2207 Extremum
781 2143 881 2206 miser

58 2252 106 2306 195
129 2251 209 2311 Cum
230 2264 335 2312 morte
358 2271 502 2310 somnum
523 2248 641 2331 iungat.
668 2246 803 2330 Expavi,
825 2246 949 2309 horrui.

125 2352 199 2447 Quo
221 2351 337 2414 feror?
359 2351 462 2414 Adire
484 2351 601 2414 timeo:
625 2370 681 2412 cor
703 2348 852 2434 pavidum
872 2347 967 2413 labat.

124 2458 264 2517 Rursum
287 2453 379 2517 ardet
400 2455 465 2517 ira:
489 2454 584 2517 fortis
606 2455 792 2537 incoeptum
815 2473 924 2515 manus

126 2557 329 2641 Aggredere.
354 2557 479 2639 Rapido
502 2558 564 2619 huc
586 2576 700 2640 agmen
722 2555 879 2618 accelerat
900 2550 1012 2638 gradu.

126 2661 304 2724 Praeverte
326 2659 467 2722 facinus:
492 2658 622 2721 decoris
644 2659 728 2720 huno
753 2658 878 2718 titulum
898 2655 972 2739 rapi

59 2763 108 2818 ²⁰⁰
124 2759 279 2825 Patiere?
302 2761 387 2823 Belli
410 2761 477 2823 sola
498 2758 585 2846 quod
607 2773 755 2842 superest
775 2778 865 2842 cape.

123 2867 214 2926 Nune
235 2885 364 2928 morere
389 2879 422 2926 et
442 2863 571 2926 umbras
595 2862 728 2926 cumula.
751 2864 787 2923 In
810 2860 941 2923 exitium
962 2860 1035 2943 peri

123 2971 205 3032 Leto
226 2967 363 3044 feretur,
390 2966 534 3052 quisquis
557 2966 590 3027 in
614 2966 757 3048 Superos
779 2977 887 3028 movet

126 3070 290 3135 Nefandus
313 3093 410 3136 arma.
435 3074 596 3153 Tempora
620 3070 681 3131 hac
703 3066 783 3131 fixus
803 3087 897 3129 manu

124 3176 266 3235 Humum
283 3171 457 3236 momordit
479 3193 537 3236 ore
561 3170 736 3254 sanguineo
758 3170 861 3234 Sisar:

49 3277 105 3330 2⁰5
126 3278 250 3341 Domus
273 3297 390 3340 cruore
415 3297 524 3359 sparse
548 3275 705 3338 scelerato
727 3274 834 3338 madet

193 3533 228 3588 V·
252 3535 311 3588 188.
339 3547 382 3603 sq:
408 3526 487 3584 lohel
509 3523 633 3581 sisaram
659 3522 741 3578 clavo
768 3536 825 3594 per
851 3529 983 3593 tempora
1005 3518 1052 3575 sd·

123 3625 188 3672 uoto
206 3615 371 3675 obtruncat.
