2356 4282
106 465 169 530 220
504 469 621 529 Gnorn

168 635 341 719 Pretioque
365 657 476 699 servos
498 639 635 701 barbaro
660 638 788 700 mittunt
810 638 895 698 solo.

167 737 229 798 los.
251 736 332 832 Quis
356 760 449 800 ausus
471 760 579 801 cmere
600 739 699 801 liberi
720 739 801 800 iuris
823 739 950 822 genus?

166 839 265 900 Norat.
287 839 428 901 Arabum
450 857 600 924 regentes
622 864 704 915 arva,
729 841 852 902 bisseni
872 838 983 900 duces.

166 942 231 1004 Ios.
254 942 343 1001 Gens
365 943 422 1004 ista
445 964 554 1005 mores
576 943 693 1027 Agaris
714 942 849 1003 iniustos
872 940 987 1001 refert.

117 1047 149 1100 95
169 1041 234 1103 Sed
255 1042 289 1101 in
312 1044 393 1103 urbe
416 1057 504 1124 capta
527 1065 611 1106 nunc
634 1045 705 1126 quis
727 1041 857 1125 imperii
880 1041 1017 1102 modus?

167 1144 267 1205 Norat.
288 1143 358 1204 Non
380 1165 440 1204 una
462 1146 577 1208 mansit
598 1145 719 1207 forma:
744 1143 910 1205 ductorem
934 1141 998 1202 sibi

166 1247 292 1327 Legere
315 1265 436 1306 summo
458 1245 546 1306 iure:
572 1245 736 1326 displicuit
757 1245 831 1305 cito.

167 1345 336 1427 Impositus
359 1346 455 1407 armis
477 1348 566 1422 alius,
598 1362 630 1409 ct
650 1346 754 1407 vincta
776 1343 895 1406 additis

168 1447 273 1510 Sociis
295 1461 451 1529 potestas:
477 1447 534 1509 sed
556 1469 616 1510 nec
638 1448 701 1509 hoc
722 1446 836 1508 mansit
858 1445 933 1522 diu;

101 1558 150 1609 1011
167 1551 349 1632 Datumque
372 1548 483 1610 turbae
505 1552 670 1632 regimen3
694 1548 741 1609 ibi
763 1547 920 1610 sententia

169 1651 315 1712 Clamore
337 1663 470 1725 certant,
497 1650 697 1733 imperatque
721 1649 861 1710 audacia.

168 1753 322 1812 Contenta
345 1751 453 1812 verbis
476 1771 537 1812 nec
560 1764 665 1813 manet
687 1748 865 1812 discordia:

168 1852 365 1917 Vulneribus
387 1852 508 1934 agitur:
531 1852 601 1934 ipse
624 1849 806 1913 conflictum
829 1865 964 1924 trucem,

168 1957 333 2035 Motasque
356 1952 424 2013 vidi
444 1967 582 2013 mutuam
606 1953 639 2011 in
663 1952 793 2014 caedem
816 1973 937 2012 manus.

101 2056 232 2117 1115111.
255 2052 422 2135 Spondent
444 2068 584 2135 paratam
606 2074 686 2135 quae
708 2052 815 2114 refers
836 2051 1012 2114 victoriam.

169 2161 296 2229 Ramse‚
318 2155 505 2238 properiter
527 2170 604 2238 quot
624 2170 716 2238 potes
737 2171 855 2216 turmas
876 2176 968 2238 rape,

169 2258 339 2319 Cincturus
362 2256 484 2317 urbem.
529 2259 653 2319 Feccro
675 2257 777 2319 iustae
798 2256 893 2319 brevi

170 2358 285 2421 Adsint
307 2357 466 2431 cohortes,
494 2372 525 2418 et
545 2378 605 2439 per
626 2357 772 2419 infernos
794 2378 908 2440 specus

169 2461 235 2556 Qui
257 2460 383 2521 moenia
407 2460 488 2520 intra
511 2459 643 2520 militem
668 2461 839 2522 obscurum
859 2459 978 2521 locent.

102 2576 151 2627 110
169 2565 237 2622 Nec
259 2561 364 2621 deerit
386 2560 470 2620 aries
491 2558 628 2621 horrido
649 2561 778 2622 incussu
800 2560 916 2642 gravis,

169 2665 237 2723 Nec
257 2661 360 2742 capite
380 2675 464 2722 teoto
486 2661 597 2722 vineae
622 2682 756 2743 serpens
779 2682 868 2743 opus.

169 2765 234 2823 Per
255 2763 335 2823 haec
355 2762 475 2843 potitus
496 2761 598 2835 urhis,
621 2778 773 2824 armatum
798 2782 933 2845 gregem

169 2863 316 2926 Imbuere
338 2864 458 2924 Phario
481 2863 634 2946 sanguine
656 2879 708 2926 unt
729 2862 849 2946 praeda
871 2883 960 2926 cave.

170 2969 343 3048 Exspectet
365 2987 383 3024 a
402 2984 454 3024 me
477 2965 642 3026 commoda
664 2980 695 3026 et
714 2966 853 3048 pretium
878 2986 936 3027 suo

99 3079 148 3130 115
171 3067 264 3128 Miles
287 3066 408 3128 labori:
433 3063 554 3126 sufficit
575 3087 633 3126 rex
655 3066 819 3128 omnibus:

170 3173 218 3230 Ne
241 3168 356 3230 civium
380 3167 493 3230 dolore
517 3167 580 3228 sibi
603 3184 766 3251 quaestum
787 3184 911 3250 parcnt.

171 3271 273 3332 Civile
296 3271 443 3353 regimen
465 3269 503 3331 da
524 3290 585 3331 nec
607 3270 766 3351 opulentis
789 3270 895 3346 nimis,

172 3372 236 3464 Qui
256 3372 352 3432 multa
373 3370 526 3434 habentes
549 3391 677 3451 semper
698 3372 731 3430 in
754 3370 855 3432 maius
877 3386 985 3435 tamen

172 3476 232 3535 Sua
256 3489 328 3536 vota
350 3474 486 3547 mittunt,
512 3485 637 3555 tamque
659 3472 704 3533 nil
726 3473 907 3555 parentium

104 3591 152 3640 120
170 3575 295 3657 Populo
318 3576 428 3638 volunt
449 3577 549 3638 licere
572 3595 664 3657 quam
686 3575 733 3635 nil
753 3594 818 3637 non·
840 3575 924 3638 sibi:
