2356 4282
97 470 142 541 36
488 474 628 536 Pursvu

119 643 153 705 30
171 639 316 704 Extorsit
335 661 431 704 erma.
476 640 647 710 Vindicem
670 639 810 724 gladium
831 660 967 711 movens

166 745 254 808 Unus
275 743 382 808 furori
403 744 531 808 restitit.
576 741 685 837 Quid?
707 762 778 805 cum
801 743 897 826 ignee

164 847 310 909 Fornace
332 847 449 913 vitulus
471 846 561 908 fusili
581 846 615 907 in
638 861 765 928 turpem
787 842 883 906 deum

165 947 325 1012 Conssetus
347 971 425 1014 auro
446 963 506 1024 est,
531 969 631 1032 seque
653 968 784 1013 vesanas
806 946 895 1009 ciens
923 988 926 993 -

164 1050 306 1115 Choreas
326 1051 496 1114 nefandam
518 1052 654 1135 populus
675 1051 710 1112 in
732 1048 853 1112 cladem
873 1046 989 1124 induit,

113 1157 146 1212 35
165 1152 268 1249 Quam
288 1153 384 1217 facile
405 1153 560 1238 precibus
581 1153 694 1217 cessit!
738 1152 790 1215 An
810 1149 923 1214 turbae
947 1150 1061 1236 loquer

164 1255 309 1319 Sitientis
329 1256 406 1318 elias
428 1277 572 1318 murmur
592 1271 644 1319 aut
665 1255 814 1320 ¹volucres
835 1275 921 1318 novo

164 1358 288 1455 Questu
307 1358 486 1441 expetitas?
527 1362 595 1421 Uno
613 1381 676 1422 vox
697 1358 788 1442 genti
808 1358 869 1420 fuit

162 1460 301 1555 Quoties
323 1460 432 1523 saluti!
475 1463 566 1524 Nunc
587 1482 726 1546 quoque,
747 1475 782 1523 ut
805 1458 887 1522 desit
907 1458 1010 1536 nefas,

166 1563 288 1637 Fuerit,
313 1563 456 1647 supremi
476 1579 568 1647 pacta
591 1565 618 1625 si
641 1564 747 1647 Regis.
763 1565 878 1626 velent.

111 1671 145 1727 40
165 1663 372 1759 Quacumque
396 1667 461 1730 ritu
483 1666 573 1729 dirus
596 1668 720 1729 incesto
742 1666 819 1727 Baal

163 1766 297 1851 Colitur,
317 1790 378 1852 per
397 1776 510 1833 omncs
530 1769 602 1832 fana
625 1769 809 1831 subvertant
829 1768 943 1831 tribus.

162 1870 265 1934 Ferro
288 1870 434 1934 recident
454 1893 596 1935 nemora.
643 1875 736 1934 Nunc
757 1870 862 1954 gentis
882 1869 961 1932 iube

161 1972 211 2033 De
234 1995 324 2036 more
346 1973 497 2056 pavidum
518 1973 638 2036 cedere
662 1995 701 2035 ex
722 1974 791 2035 acie
813 1993 925 2057 genus.

162 2074 365 2171 Quicumque
386 2077 480 2138 tectis
499 2097 603 2159 nuper
625 2077 779 2139 extructis
802 2077 901 2155 venit,

111 2185 145 2242 15
162 2178 281 2240 Procul
303 2176 449 2241 facesset.
496 2179 571 2245 Vite
595 2178 623 2239 si
645 2179 811 2263 quisquam
835 2192 898 2241 sate

162 2279 286 2342 Claudit
307 2295 471 2343 recentem
491 2301 552 2343 nec
572 2283 650 2343 meti
672 2282 705 2342 in
728 2282 841 2365 vulgus
863 2281 950 2357 sinit,

161 2384 352 2479 Quicunque
375 2384 520 2448 thalamis
540 2386 634 2447 miles
656 2407 790 2448 uxorem
812 2386 905 2450 novis

100 2530 105 2539 ,
140 2485 353 2569 'Despondit
379 2488 480 2561 obeat,
500 2508 543 2548 ue
567 2488 639 2571 quis
660 2489 800 2552 extincto
822 2488 912 2551 feces

159 2587 259 2650 Prior
281 2588 402 2672 iugules
422 2591 520 2652 tollet.
566 2589 710 2653 Attonito
733 2605 819 2653 metu
898 2628 901 2635 ·
1015 2601 1020 2609 “

109 2699 144 2752 50
161 2692 296 2774 Ignarus
316 2691 442 2754 hostem
462 2692 490 2753 si
512 2692 585 2777 quis
606 2708 758 2755 armatum
779 2708 885 2778 pavet,

160 2791 303 2856 Absistat
324 2794 415 2857 illiue
435 2794 530 2857 citius
554 2810 586 2859 et
606 2795 695 2859 bello
717 2812 818 2860 vacet.

159 2896 347 2978 Properate.
390 2901 526 2960 Matrum
549 2898 641 2960 turha
666 2920 716 2961 me
740 2899 873 2982 supplex
894 2902 1021 2967 munet·
1058 2953 1061 2957 .

158 2997 229 3059 Hae
252 2997 370 3061 comite
392 3020 543 3082 superum
563 3015 636 3065 vote
658 3002 838 3086 concipiam
858 3005 942 3088 patri
1006 3046 1010 3055 ·

158 3097 272 3161 Affuse
292 3100 421 3183 templo.
465 3104 543 3164 Bor.
568 3104 676 3168 'Pestis
696 3105 751 3168 ille
772 3104 937 3168 hominum
959 3120 1057 3184 sotor,

157 3241 362 3256 *a

217 3329 262 3382 'V.
282 3334 324 3387 31.
347 3327 393 3385 of.
414 3330 506 3388 Exod.
528 3338 677 3407 3³‚10sq.

148 3513 151 3518 Ι
172 3515 175 3519 ι
224 3435 260 3490 V·
280 3439 321 3492 35
341 3435 458 3492 Turbae
477 3437 598 3494 sitientis
614 3457 756 3496 murmur.
781 3441 838 3523 ¹Cf.
857 3442 949 3521 Exodg
968 3450 1012 3515 15,
1037 3450 1078 3505 21.

108 3552 111 3557 -
157 3523 199 3582 tt,
217 3523 303 3615 ¹1⁸³·
321 3522 405 3576 Num.
424 3529 470 3591 20,
488 3532 514 3583 2.
533 3541 576 3599 sq.

175 3620 179 3665 2
224 3622 671 3704 v.ss.cf.uxoe.1s‚1.sq.
715 3636 718 3641 ·
