2356 4282
491 451 634 514 statam
982 447 1026 519 5⁷

98 621 220 683 Nescio
243 621 321 706 quid
343 621 465 684 animoa
488 621 626 706 grande:
650 640 710 683 uec
732 618 810 705 quid
832 620 874 685 sit
896 619 983 701 aci03

98 723 170 786 Nisi
193 723 280 808 quod
300 727 441 808 peractis
462 727 563 789 maius
586 745 656 787 esse
680 722 801 807 aliquid
824 722 902 786 acio.

52 839 90 893 ⁷5
108 825 184 890 Vidi
208 843 337 910 egomet
358 843 425 892 atra
446 843 550 903 noete,
576 847 645 889 cum
667 827 773 888 lentus
795 845 909 908 graves

101 929 281 991 Pressisset
302 931 412 992 ocules
435 951 575 1003 somnus,
599 929 763 990 attonitum
786 927 900 990 ducem

100 1029 341 1116 Trepidumque
363 1033 403 1094 ad
424 1034 503 1095 istos
524 1032 638 1116 sugere
662 1051 852 1093 semermem
872 1032 967 1107 lares,

100 1133 271 1216 Opemque
295 1134 415 1196 frustra
435 1149 568 1217 peteret
590 1154 685 1218 quem
708 1133 820 1195 stricto
842 1133 976 1218 aggredi

100 1237 184 1298 Mihi
207 1238 273 1298 visa
295 1238 406 1318 ferro3
433 1260 569 1321 moxque
596 1253 781 1320 correptum
804 1253 898 1322 caput

52 1361 85 1416 30
102 1342 173 1400 Hac
195 1337 370 1403 abscidisse
393 1340 532 1402 dextera.
555 1343 651 1402 Hunc
672 1338 800 1401 credam
822 1341 939 1402 exitum

103 1442 257 1503 Servaaoe
280 1444 435 1524 Superos,
463 1464 585 1527 perque
608 1457 655 1505 tet
676 1444 764 1526 signa
788 1441 920 1527 eloqui?

101 1543 155 1604 An
178 1543 314 1627 illeque
336 1567 399 1606 non
421 1543 540 1627 pudeat
560 1546 697 1627 oppetiit
720 1545 835 1609 manu?
939 1598 942 1602 .

101 1649 154 1710 An
176 1648 278 1710 victus
299 1649 367 1710 acie
389 1647 495 1732 fugit?
518 1651 560 1709 At
580 1647 692 1731 fugiat.
719 1649 818 1711 Cedo.

103 1746 190 1843 Quid
209 1749 295 1810 tum?
317 1753 439 1811 Necare
459 1749 543 1810 hunc
561 1749 708 1831 poteris?
730 1751 806 1813 huic
824 1751 967 1814 dextram
980 1752 1028 1814 in·

52 1870 80 1921 35
101 1851 282 1934 Suspensus
303 1853 416 1916 haeret
437 1853 569 1937 animus,
591 1867 622 1914 et
642 1852 738 1936 gestit
759 1869 864 1916 tamen
906 1853 1030 1933 [feraci

100 1956 144 2016 Et
166 1953 290 2016 facinus
313 1955 427 2039 ingens
449 1969 582 2038 pectore
608 1955 740 2017 incense
763 1957 856 2038 capit.

100 2057 207 2119 Perii:
231 2058 303 2142 quis
325 2057 386 2119 iste
408 2057 535 2120 concito
556 2058 619 2120 huc
642 2079 738 2121 cursu
758 2059 864 2123 volat?

100 2159 290 2222 Sisarasue?
312 2163 342 2220 Ie
363 2160 434 2242 ipse
458 2173 524 2221 est:
548 2173 631 2222 tecta
652 2176 826 2244 properato
848 2175 965 2244 petam.

442 2393 568 2443 siseres.
598 2393 690 2444 ludet.

99 2539 167 2603 Sic.
188 2539 275 2600 Men’
287 2539 432 2624 sequitur
445 2541 584 2626 aliquis?
606 2538 737 2604 Occidi:
754 2538 808 2601 hic
821 2537 963 2623 quisnam
977 2561 1030 2602 ve-

52 2657 82 2710 to
100 2646 203 2704 Nemo
217 2656 276 2704 est.
294 2643 374 2738 Quia
390 2664 483 2704 aures
495 2642 571 2705 hinc
584 2664 670 2704 meas
680 2641 804 2725 pepulit
817 2638 936 2702 sonus?
949 2641 1029 2718 [nitt

101 2744 153 2806 An
174 2744 281 2826 potius
304 2743 415 2805 illine?
438 2745 510 2839 Quo
534 2743 646 2807 ferar?
668 2765 801 2826 quanam
823 2741 975 2804 accubem

99 2849 135 2908 In
156 2863 249 2929 parte
271 2844 402 2911 sessus?
432 2851 552 2909 'I'utanc
575 2848 654 2909 haee
675 2866 804 2929 sperem
824 2844 904 2906 mihi

99 2947 276 3032 Perfugia?
299 2949 393 3010 Certe
414 2949 468 3010 hic
490 2947 625 3012 foedere
648 2948 820 3012 obstrictus
842 2961 947 3013 manet

100 3050 238 3113 Cinaeua
259 3050 381 3112 Haber.
405 3053 518 3114 Fracta
541 3053 696 3135 tantisper
719 3053 806 3114 iuvat

52 3163 81 3219 tt
99 3154 224 3216 Levare
247 3155 401 3216 membra.
421 3154 575 3238 Numquis
598 3154 674 3216 hinc
695 3153 805 3238 prodit
824 3149 940 3228 foras?

101 3254 183 3351 Quis
196 3253 274 3317 aede
288 3254 322 3316 in
333 3256 392 3317 ista
406 3271 454 3318 est
468 3255 483 3316 i
518 3258 587 3318 lat.
613 3256 694 3351 Quia
706 3277 792 3318 meas
803 3255 907 3338 pulsat
918 3253 1031 3315 seres?

98 3355 201 3419 Hem!
224 3370 300 3419 tune
310 3355 493 3442 Princeps?
514 3358 582 3422 Sic.
606 3359 715 3441 Aegra
734 3357 905 3440 praecipiti
924 3355 1033 3419 lebant

166 3589 200 3646 V.
218 3593 260 3647 89.
280 3603 323 3660 tq.
342 3587 421 3644 luhel
437 3588 566 3644 sisaram
581 3588 741 3664 fugientem
758 3584 872 3657 excipit.
