<?xml version="1.0" encoding="UTF-8"?>
<!DOCTYPE html PUBLIC "-//W3C//DTD XHTML 1.0 Transitional//EN"
    "http://www.w3.org/TR/xhtml1/DTD/xhtml1-transitional.dtd">
<html xmlns="http://www.w3.org/1999/xhtml" xml:lang="en" lang="en">
 <head>
  <title>
</title>
<meta http-equiv="Content-Type" content="text/html;charset=utf-8" />
  <meta name='ocr-system' content='tesseract 3.04.00' />
  <meta name='ocr-capabilities' content='ocr_page ocr_carea ocr_par ocr_line ocrx_word'/>
</head>
<body>
  <div class='ocr_page' id='page_1' title='image "./tragoediaeselec00malagoog_0246.png"; bbox 0 0 2356 4282; ppageno 0'>
   <div class='ocr_carea' id='block_1_1' title="bbox 428 449 694 513">
    <p class='ocr_par' dir='ltr' id='par_1_1' title="bbox 428 449 694 513">
     <span class='ocr_line' id='line_1_1' title="bbox 428 449 694 513; baseline -0.008 -2"><span class='ocrx_word' id='word_1_1' title='bbox 428 449 694 513; x_wconf 75' lang='lat' dir='ltr'><strong>Soruourlttttus.</strong></span> 
     </span>
    </p>
   </div>
   <div class='ocr_carea' id='block_1_2' title="bbox 130 617 571 705">
    <p class='ocr_par' dir='ltr' id='par_1_2' title="bbox 130 617 571 705">
     <span class='ocr_line' id='line_1_2' title="bbox 130 617 571 705; baseline -0.007 -22"><span class='ocrx_word' id='word_1_2' title='bbox 130 623 260 683; x_wconf 87' lang='lat' dir='ltr'><strong>Patrum</strong></span> <span class='ocrx_word' id='word_1_3' title='bbox 281 619 336 705; x_wconf 87' lang='lat' dir='ltr'><strong>qui</strong></span> <span class='ocrx_word' id='word_1_4' title='bbox 355 617 449 682; x_wconf 86' lang='lat' dir='ltr'><strong>fieret</strong></span> <span class='ocrx_word' id='word_1_5' title='bbox 470 632 571 703; x_wconf 85' lang='lat' dir='ltr'><strong>pater,</strong></span> 
     </span>
    </p>
   </div>
   <div class='ocr_carea' id='block_1_3' title="bbox 53 720 686 3669">
    <p class='ocr_par' dir='ltr' id='par_1_3' title="bbox 53 720 686 3669">
     <span class='ocr_line' id='line_1_3' title="bbox 132 720 608 808; baseline -0.004 -24"><span class='ocrx_word' id='word_1_6' title='bbox 132 726 168 784; x_wconf 95' lang='lat' dir='ltr'><strong>In</strong></span> <span class='ocrx_word' id='word_1_7' title='bbox 190 746 253 808; x_wconf 86' lang='lat' dir='ltr'><strong>quo</strong></span> <span class='ocrx_word' id='word_1_8' title='bbox 272 745 351 808; x_wconf 80' lang='lat' dir='ltr'><strong>gens</strong></span> <span class='ocrx_word' id='word_1_9' title='bbox 371 721 535 786; x_wconf 89' lang='lat' dir='ltr'><strong>hominum</strong></span> <span class='ocrx_word' id='word_1_10' title='bbox 558 720 608 783; x_wconf 82' lang='lat' dir='ltr'><strong>sui</strong></span> 
     </span>
     <span class='ocr_line' id='line_1_4' title="bbox 61 823 604 888; baseline -0.004 -2"><span class='ocrx_word' id='word_1_11' title='bbox 61 826 112 880; x_wconf 83' lang='lat'><strong>2⁰5</strong></span> <span class='ocrx_word' id='word_1_12' title='bbox 132 825 253 888; x_wconf 87' lang='lat' dir='ltr'>Census</span> <span class='ocrx_word' id='word_1_13' title='bbox 275 826 424 888; x_wconf 81' lang='lat' dir='ltr'><strong>terminat</strong></span> <span class='ocrx_word' id='word_1_14' title='bbox 446 823 604 887; x_wconf 80' lang='lat' dir='ltr'><strong>ordinem.</strong></span> 
     </span>
     <span class='ocr_line' id='line_1_5' title="bbox 131 927 566 1011; baseline -0.002 -21"><span class='ocrx_word' id='word_1_15' title='bbox 131 933 222 991; x_wconf 88' lang='lat' dir='ltr'><strong>Tunc</strong></span> <span class='ocrx_word' id='word_1_16' title='bbox 246 950 340 991; x_wconf 87' lang='lat' dir='ltr'><strong>senos</strong></span> <span class='ocrx_word' id='word_1_17' title='bbox 363 929 472 1011; x_wconf 89' lang='lat' dir='ltr'><strong>operis</strong></span> <span class='ocrx_word' id='word_1_18' title='bbox 496 927 566 989; x_wconf 89' lang='lat' dir='ltr'><strong>dies</strong></span> 
     </span>
     <span class='ocr_line' id='line_1_6' title="bbox 131 1030 600 1107; baseline -0.006 -14"><span class='ocrx_word' id='word_1_19' title='bbox 131 1032 259 1107; x_wconf 83' lang='lat' dir='ltr'><strong>Clausit,</strong></span> <span class='ocrx_word' id='word_1_20' title='bbox 286 1032 384 1093; x_wconf 91' lang='lat' dir='ltr'><strong>rebus</strong></span> <span class='ocrx_word' id='word_1_21' title='bbox 407 1046 439 1092; x_wconf 91' lang='lat' dir='ltr'><strong>et</strong></span> <span class='ocrx_word' id='word_1_22' title='bbox 459 1030 600 1092; x_wconf 90' lang='lat' dir='ltr'><strong>ultimam</strong></span> 
     </span>
     <span class='ocr_line' id='line_1_7' title="bbox 130 1132 566 1215; baseline -0.007 -22"><span class='ocrx_word' id='word_1_23' title='bbox 130 1134 236 1195; x_wconf 87' lang='lat' dir='ltr'><strong>Factis</strong></span> <span class='ocrx_word' id='word_1_24' title='bbox 258 1132 410 1215; x_wconf 85' lang='lat' dir='ltr'><strong>imposuit</strong></span> <span class='ocrx_word' id='word_1_25' title='bbox 430 1153 566 1205; x_wconf 89' lang='lat' dir='ltr'><strong>manum,</strong></span> 
     </span>
     <span class='ocr_line' id='line_1_8' title="bbox 131 1233 602 1296; baseline -0.006 -1"><span class='ocrx_word' id='word_1_26' title='bbox 131 1236 235 1296; x_wconf 88' lang='lat' dir='ltr'><strong>Maius</strong></span> <span class='ocrx_word' id='word_1_27' title='bbox 257 1234 301 1295; x_wconf 91' lang='lat' dir='ltr'><strong>nil</strong></span> <span class='ocrx_word' id='word_1_28' title='bbox 325 1233 481 1296; x_wconf 87' lang='lat' dir='ltr'><strong>meditans</strong></span> <span class='ocrx_word' id='word_1_29' title='bbox 503 1233 602 1294; x_wconf 86' lang='lat' dir='ltr'><strong>Deus.</strong></span> 
     </span>
     <span class='ocr_line' id='line_1_9' title="bbox 61 1336 581 1420; baseline 0.006 -27"><span class='ocrx_word' id='word_1_30' title='bbox 61 1340 112 1393; x_wconf 85' lang='lat'><strong>210</strong></span> <span class='ocrx_word' id='word_1_31' title='bbox 131 1337 183 1398; x_wconf 90' lang='lat' dir='ltr'><strong>llli</strong></span> <span class='ocrx_word' id='word_1_32' title='bbox 205 1357 342 1420; x_wconf 87' lang='lat' dir='ltr'><strong>namque</strong></span> <span class='ocrx_word' id='word_1_33' title='bbox 364 1336 501 1397; x_wconf 90' lang='lat' dir='ltr'><strong>animum</strong></span> <span class='ocrx_word' id='word_1_34' title='bbox 525 1356 581 1396; x_wconf 92' lang='lat' dir='ltr'><strong>suo</strong></span> 
     </span>
     <span class='ocr_line' id='line_1_10' title="bbox 130 1435 576 1522; baseline -0.011 -22"><span class='ocrx_word' id='word_1_35' title='bbox 130 1440 221 1501; x_wconf 84' lang='lat' dir='ltr'><strong>Flatu</strong></span> <span class='ocrx_word' id='word_1_36' title='bbox 243 1440 350 1522; x_wconf 78' lang='lat' dir='ltr'><strong>largus</strong></span> <span class='ocrx_word' id='word_1_37' title='bbox 373 1452 406 1499; x_wconf 87' lang='lat' dir='ltr'><strong>et</strong></span> <span class='ocrx_word' id='word_1_38' title='bbox 427 1459 462 1499; x_wconf 91' lang='lat' dir='ltr'><strong>os</strong></span> <span class='ocrx_word' id='word_1_39' title='bbox 487 1435 576 1497; x_wconf 82' lang='lat' dir='ltr'><strong>dedit</strong></span> 
     </span>
     <span class='ocr_line' id='line_1_11' title="bbox 131 1539 585 1634; baseline -0.011 -31"><span class='ocrx_word' id='word_1_40' title='bbox 131 1541 229 1634; x_wconf 76' lang='lat' dir='ltr'><strong>Quod</strong></span> <span class='ocrx_word' id='word_1_41' title='bbox 252 1539 403 1603; x_wconf 88' lang='lat' dir='ltr'><strong>coelestia</strong></span> <span class='ocrx_word' id='word_1_42' title='bbox 426 1551 585 1600; x_wconf 87' lang='lat' dir='ltr'><strong>cerneret.</strong></span> 
     </span>
     <span class='ocr_line' id='line_1_12' title="bbox 130 1639 553 1727; baseline -0.014 -20"><span class='ocrx_word' id='word_1_43' title='bbox 130 1649 216 1720; x_wconf 84' lang='lat' dir='ltr'><strong>Mox,</strong></span> <span class='ocrx_word' id='word_1_44' title='bbox 243 1657 277 1705; x_wconf 91' lang='lat' dir='ltr'><strong>ut</strong></span> <span class='ocrx_word' id='word_1_45' title='bbox 298 1642 473 1727; x_wconf 81' lang='lat' dir='ltr'><strong>progenies</strong></span> <span class='ocrx_word' id='word_1_46' title='bbox 498 1639 553 1701; x_wconf 88' lang='lat' dir='ltr'><strong>diu</strong></span> 
     </span>
     <span class='ocr_line' id='line_1_13' title="bbox 132 1742 594 1815; baseline -0.013 -8"><span class='ocrx_word' id='word_1_47' title='bbox 132 1748 228 1808; x_wconf 87' lang='lat' dir='ltr'><strong>Multa</strong></span> <span class='ocrx_word' id='word_1_48' title='bbox 253 1745 285 1805; x_wconf 96' lang='lat' dir='ltr'><strong>in</strong></span> <span class='ocrx_word' id='word_1_49' title='bbox 310 1743 435 1806; x_wconf 87' lang='lat' dir='ltr'><strong>saecula</strong></span> <span class='ocrx_word' id='word_1_50' title='bbox 458 1742 594 1815; x_wconf 84' lang='lat' dir='ltr'><strong>viveret,</strong></span> 
     </span>
     <span class='ocr_line' id='line_1_14' title="bbox 62 1848 584 1932; baseline 0.011 -28"><span class='ocrx_word' id='word_1_51' title='bbox 62 1854 110 1907; x_wconf 84' lang='lat'><strong>215</strong></span> <span class='ocrx_word' id='word_1_52' title='bbox 129 1855 258 1915; x_wconf 85' lang='lat' dir='ltr'><strong>Partem</strong></span> <span class='ocrx_word' id='word_1_53' title='bbox 278 1851 320 1913; x_wconf 89' lang='lat' dir='ltr'><strong>de</strong></span> <span class='ocrx_word' id='word_1_54' title='bbox 343 1851 444 1913; x_wconf 89' lang='lat' dir='ltr'><strong>latere</strong></span> <span class='ocrx_word' id='word_1_55' title='bbox 468 1848 584 1932; x_wconf 81' lang='lat' dir='ltr'><strong>eripit:</strong></span> 
     </span>
     <span class='ocr_line' id='line_1_15' title="bbox 128 1951 556 2037; baseline -0.005 -22"><span class='ocrx_word' id='word_1_56' title='bbox 128 1958 155 2015; x_wconf 87' lang='lat' dir='ltr'>E</span> <span class='ocrx_word' id='word_1_57' title='bbox 179 1977 239 2037; x_wconf 88' lang='lat' dir='ltr'><strong>qua</strong></span> <span class='ocrx_word' id='word_1_58' title='bbox 262 1975 297 2014; x_wconf 91' lang='lat' dir='ltr'><strong>se</strong></span> <span class='ocrx_word' id='word_1_59' title='bbox 320 1952 465 2014; x_wconf 86' lang='lat' dir='ltr'><strong>exhibuit</strong></span> <span class='ocrx_word' id='word_1_60' title='bbox 485 1951 556 2013; x_wconf 88' lang='lat' dir='ltr'><strong>viro</strong></span> 
     </span>
     <span class='ocr_line' id='line_1_16' title="bbox 128 2050 604 2135; baseline -0.008 -20"><span class='ocrx_word' id='word_1_61' title='bbox 128 2053 260 2116; x_wconf 78' lang='lat' dir='ltr'><strong>Pulchri</strong></span> <span class='ocrx_word' id='word_1_62' title='bbox 282 2053 422 2116; x_wconf 80' lang='lat' dir='ltr'><strong>foemina</strong></span> <span class='ocrx_word' id='word_1_63' title='bbox 446 2050 604 2135; x_wconf 83' lang='lat' dir='ltr'><strong>corporis.</strong></span> 
     </span>
     <span class='ocr_line' id='line_1_17' title="bbox 129 2154 686 2238; baseline 0 -22"><span class='ocrx_word' id='word_1_64' title='bbox 129 2159 220 2217; x_wconf 89' lang='lat' dir='ltr'><strong>Hanc</strong></span> <span class='ocrx_word' id='word_1_65' title='bbox 242 2175 391 2229; x_wconf 86' lang='lat' dir='ltr'><strong>cernens,</strong></span> <span class='ocrx_word' id='word_1_66' title='bbox 411 2154 508 2216; x_wconf 87' lang='lat' dir='ltr'><strong>simul</strong></span> <span class='ocrx_word' id='word_1_67' title='bbox 529 2169 563 2217; x_wconf 89' lang='lat' dir='ltr'><strong>ut</strong></span> <span class='ocrx_word' id='word_1_68' title='bbox 587 2175 686 2238; x_wconf 88' lang='lat' dir='ltr'><strong>sopor</strong></span> 
     </span>
     <span class='ocr_line' id='line_1_18' title="bbox 128 2256 610 2340; baseline 0 -22"><span class='ocrx_word' id='word_1_69' title='bbox 128 2257 236 2320; x_wconf 86' lang='lat' dir='ltr'><strong>Mollis</strong></span> <span class='ocrx_word' id='word_1_70' title='bbox 257 2256 400 2318; x_wconf 88' lang='lat' dir='ltr'><strong>membra</strong></span> <span class='ocrx_word' id='word_1_71' title='bbox 424 2256 610 2340; x_wconf 85' lang='lat' dir='ltr'><strong>reliquerat,</strong></span> 
     </span>
     <span class='ocr_line' id='line_1_19' title="bbox 57 2358 571 2422; baseline -0.002 -4"><span class='ocrx_word' id='word_1_72' title='bbox 57 2366 108 2419; x_wconf 83' lang='lat'><strong>220</strong></span> <span class='ocrx_word' id='word_1_73' title='bbox 128 2359 298 2422; x_wconf 88' lang='lat' dir='ltr'><strong>Flammari</strong></span> <span class='ocrx_word' id='word_1_74' title='bbox 321 2358 385 2421; x_wconf 86' lang='lat' dir='ltr'><strong>sibi</strong></span> <span class='ocrx_word' id='word_1_75' title='bbox 407 2358 457 2421; x_wconf 86' lang='lat' dir='ltr'><strong>vir</strong></span> <span class='ocrx_word' id='word_1_76' title='bbox 478 2358 571 2421; x_wconf 88' lang='lat' dir='ltr'><strong>novis</strong></span> 
     </span>
     <span class='ocr_line' id='line_1_20' title="bbox 130 2459 551 2525; baseline -0.007 -3"><span class='ocrx_word' id='word_1_77' title='bbox 130 2462 237 2523; x_wconf 87' lang='lat' dir='ltr'><strong>Sensit</strong></span> <span class='ocrx_word' id='word_1_78' title='bbox 259 2460 358 2525; x_wconf 84' lang='lat' dir='ltr'><strong>corda</strong></span> <span class='ocrx_word' id='word_1_79' title='bbox 379 2459 551 2522; x_wconf 86' lang='lat' dir='ltr'><strong>caloribus.</strong></span> 
     </span>
     <span class='ocr_line' id='line_1_21' title="bbox 129 2560 555 2646; baseline -0.002 -23"><span class='ocrx_word' id='word_1_80' title='bbox 129 2565 215 2624; x_wconf 90' lang='lat' dir='ltr'><strong>Hinc</strong></span> <span class='ocrx_word' id='word_1_81' title='bbox 238 2577 286 2624; x_wconf 89' lang='lat' dir='ltr'><strong>est</strong></span> <span class='ocrx_word' id='word_1_82' title='bbox 309 2561 452 2646; x_wconf 82' lang='lat' dir='ltr'><strong>coniugii</strong></span> <span class='ocrx_word' id='word_1_83' title='bbox 474 2560 555 2623; x_wconf 84' lang='lat' dir='ltr'><strong>fides</strong></span> 
     </span>
     <span class='ocr_line' id='line_1_22' title="bbox 129 2662 570 2727; baseline -0.002 0"><span class='ocrx_word' id='word_1_84' title='bbox 129 2663 227 2727; x_wconf 87' lang='lat' dir='ltr'><strong>Omni</strong></span> <span class='ocrx_word' id='word_1_85' title='bbox 250 2662 384 2725; x_wconf 86' lang='lat' dir='ltr'><strong>loedere</strong></span> <span class='ocrx_word' id='word_1_86' title='bbox 408 2663 570 2726; x_wconf 84' lang='lat' dir='ltr'><strong>sanctior:</strong></span> 
     </span>
     <span class='ocr_line' id='line_1_23' title="bbox 127 2756 579 2848; baseline 0.002 -23"><span class='ocrx_word' id='word_1_87' title='bbox 127 2767 242 2828; x_wconf 87' lang='lat' dir='ltr'><strong>Proles</strong></span> <span class='ocrx_word' id='word_1_88' title='bbox 264 2764 349 2826; x_wconf 89' lang='lat' dir='ltr'><strong>unde</strong></span> <span class='ocrx_word' id='word_1_89' title='bbox 368 2756 469 2840; x_wconf 68' lang='lat' dir='ltr'><strong>uenit,</strong></span> <span class='ocrx_word' id='word_1_90' title='bbox 494 2765 579 2848; x_wconf 87' lang='lat' dir='ltr'><strong>patri</strong></span> 
     </span>
     <span class='ocr_line' id='line_1_24' title="bbox 56 2866 570 2950; baseline -0.004 -21"><span class='ocrx_word' id='word_1_91' title='bbox 56 2878 106 2932; x_wconf 85' lang='lat'><strong>225</strong></span> <span class='ocrx_word' id='word_1_92' title='bbox 131 2869 265 2950; x_wconf 84' lang='lat' dir='ltr'><strong>Semper</strong></span> <span class='ocrx_word' id='word_1_93' title='bbox 287 2888 403 2928; x_wconf 86' lang='lat' dir='ltr'><strong>nomen</strong></span> <span class='ocrx_word' id='word_1_94' title='bbox 425 2866 570 2942; x_wconf 83' lang='lat' dir='ltr'><strong>amabile,</strong></span> 
     </span>
     <span class='ocr_line' id='line_1_25' title="bbox 131 2966 583 3052; baseline -0.002 -23"><span class='ocrx_word' id='word_1_95' title='bbox 131 2974 342 3052; x_wconf 87' lang='lat' dir='ltr'><strong>Maternoque</strong></span> <span class='ocrx_word' id='word_1_96' title='bbox 363 2966 479 3030; x_wconf 89' lang='lat' dir='ltr'><strong>bibens</strong></span> <span class='ocrx_word' id='word_1_97' title='bbox 501 2988 583 3052; x_wconf 89' lang='lat' dir='ltr'><strong>puer</strong></span> 
     </span>
     <span class='ocr_line' id='line_1_26' title="bbox 131 3067 562 3133; baseline -0.002 0"><span class='ocrx_word' id='word_1_98' title='bbox 131 3073 254 3133; x_wconf 89' lang='lat' dir='ltr'><strong>Venam</strong></span> <span class='ocrx_word' id='word_1_99' title='bbox 275 3069 366 3132; x_wconf 87' lang='lat' dir='ltr'><strong>lactis</strong></span> <span class='ocrx_word' id='word_1_100' title='bbox 390 3067 429 3132; x_wconf 86' lang='lat' dir='ltr'><strong>ab</strong></span> <span class='ocrx_word' id='word_1_101' title='bbox 450 3069 562 3132; x_wconf 88' lang='lat' dir='ltr'><strong>ubere.</strong></span> 
     </span>
     <span class='ocr_line' id='line_1_27' title="bbox 129 3171 656 3258; baseline 0.002 -24"><span class='ocrx_word' id='word_1_102' title='bbox 129 3175 279 3237; x_wconf 85' lang='lat' dir='ltr'><strong>Fratrum</strong></span> <span class='ocrx_word' id='word_1_103' title='bbox 299 3171 466 3258; x_wconf 84' lang='lat' dir='ltr'><strong>proximus</strong></span> <span class='ocrx_word' id='word_1_104' title='bbox 487 3188 536 3236; x_wconf 91' lang='lat' dir='ltr'><strong>est</strong></span> <span class='ocrx_word' id='word_1_105' title='bbox 556 3193 656 3247; x_wconf 89' lang='lat' dir='ltr'><strong>amor,</strong></span> 
     </span>
     <span class='ocr_line' id='line_1_28' title="bbox 131 3275 599 3359; baseline 0 -21"><span class='ocrx_word' id='word_1_106' title='bbox 131 3276 230 3338; x_wconf 85' lang='lat' dir='ltr'><strong>Ortus</strong></span> <span class='ocrx_word' id='word_1_107' title='bbox 252 3277 373 3338; x_wconf 86' lang='lat' dir='ltr'><strong>semina</strong></span> <span class='ocrx_word' id='word_1_108' title='bbox 396 3295 476 3359; x_wconf 94' lang='lat' dir='ltr'><strong>quos</strong></span> <span class='ocrx_word' id='word_1_109' title='bbox 497 3275 599 3358; x_wconf 83' lang='lat' dir='ltr'><strong>ligant</strong></span> 
     </span>
     <span class='ocr_line' id='line_1_29' title="bbox 53 3376 563 3470; baseline 0 -30"><span class='ocrx_word' id='word_1_110' title='bbox 53 3387 105 3441; x_wconf 82' lang='grc'><strong>230</strong></span> <span class='ocrx_word' id='word_1_111' title='bbox 129 3376 249 3470; x_wconf 76' lang='lat' dir='ltr'><strong>Quales</strong></span> <span class='ocrx_word' id='word_1_112' title='bbox 273 3377 476 3461; x_wconf 84' lang='lat' dir='ltr'><strong>comparibus</strong></span> <span class='ocrx_word' id='word_1_113' title='bbox 498 3376 563 3440; x_wconf 82' lang='lat' dir='ltr'><strong>suis</strong></span> 
     </span>
     <span class='ocr_line' id='line_1_30' title="bbox 127 3478 560 3563; baseline 0.007 -25"><span class='ocrx_word' id='word_1_114' title='bbox 127 3478 298 3542; x_wconf 88' lang='lat' dir='ltr'><strong>Colludunt</strong></span> <span class='ocrx_word' id='word_1_115' title='bbox 319 3481 444 3542; x_wconf 87' lang='lat' dir='ltr'><strong>celeres</strong></span> <span class='ocrx_word' id='word_1_116' title='bbox 468 3479 560 3563; x_wconf 86' lang='lat' dir='ltr'><strong>equi:</strong></span> 
     </span>
     <span class='ocr_line' id='line_1_31' title="bbox 129 3579 661 3669; baseline 0.006 -25"><span class='ocrx_word' id='word_1_117' title='bbox 129 3584 192 3644; x_wconf 82' lang='lat' dir='ltr'><strong>Aut</strong></span> <span class='ocrx_word' id='word_1_118' title='bbox 213 3601 379 3645; x_wconf 89' lang='lat' dir='ltr'><strong>commune</strong></span> <span class='ocrx_word' id='word_1_119' title='bbox 402 3582 510 3669; x_wconf 81' lang='lat' dir='ltr'><strong>iugum</strong></span> <span class='ocrx_word' id='word_1_120' title='bbox 531 3579 661 3647; x_wconf 87' lang='lat' dir='ltr'><strong>trahunt</strong></span> 
     </span>
    </p>
   </div>
   <div class='ocr_carea' id='block_1_4' title="bbox 0 0 1182 4282">
    <p class='ocr_par' dir='ltr' id='par_1_4' title="bbox 0 0 1182 4282">
     <span class='ocr_line' id='line_1_32' title="bbox 0 0 1182 4282; baseline 0 0"><span class='ocrx_word' id='word_1_121' title='bbox 0 0 1182 4282; x_wconf 95' lang='lat' dir='ltr'><strong> </strong></span> 
     </span>
    </p>
   </div>
  </div>
 </body>
</html>
