2356 4282
381 477 541 543 Cnmmus
558 483 712 543 Psrtnns.

80 657 109 712 15
126 647 171 710 ht
190 664 281 731 parte
302 648 337 710 in
358 650 419 712 ulia
440 651 596 714 verticem
616 649 709 712 miles
732 649 840 732 quatit,
864 685 865 688 =

123 753 323 835 Nostraeque
345 754 451 835 gentis
472 753 597 837 vulgus,
620 767 653 815 et
673 750 776 836 gentis
798 765 916 834 patres.

126 857 217 915 Tune
241 854 309 930 illo,
334 855 478 932 clamant,
504 857 559 940 qui
582 875 702 918 sacram
723 874 838 916 rueres
858 875 962 933 manu,

125 955 278 1041 Idemque
300 973 392 1022 terna
412 960 486 1022 lnce
506 960 672 1022 relocares
695 955 848 1023 domum?
893 952 896 958 ’
975 987 977 993 ·

127 1060 270 1124 Ostende
293 1062 391 1129 vires.
417 1064 490 1144 lpse
511 1063 538 1123 si
560 1063 639 1125 tanti
659 1061 747 1136 facit,

80 1172 109 1225 tc
130 1165 289 1248 suamque
311 1163 456 1228 sobolem
477 1185 609 1249 magnus
630 1165 775 1248 agnoscit
795 1177 896 1248 pater,

127 1269 219 1330 Nunc
241 1267 351 1350 opifer
371 1267 462 1342 adsit,
486 1288 624 1351 spesque
645 1266 812 1330 confirmet
831 1281 909 1329 tuas.

127 1371 193 1431 Pes·
211 1383 243 1432 to
263 1369 332 1431 data
353 1369 424 1430 aliis
446 1369 563 1452 ecquid
585 1382 748 1431 auctorem
770 1390 861 1430 suurn

129 1473 221 1534 Salus
242 1471 385 1555 refugit?
407 1493 519 1554 rumpe
543 1470 666 1533 serrum
687 1486 719 1534 et
738 1472 874 1546 vincola,

127 1575 298 1637 Descende
320 1589 450 1638 trunco:
474 1573 594 1656 petitur
613 1575 692 1636 haec
711 1575 806 1657 regni
825 1570 925 1639 fides:

80 1680 106 1732 35
128 1680 193 1740 lam
215 1691 247 1739 te
269 1697 452 1760 sequemur.
475 1681 543 1738 Nec
563 1677 639 1739 satis
660 1677 764 1739 scindi
785 1675 917 1760 probris
973 1673 976 1677 ’

128 1780 155 1841 Α
180 1794 281 1842 stante
302 1781 396 1842 turha
418 1779 532 1842 suerat.
559 1782 617 1844 Est
639 1781 694 1864 qui
717 1781 824 1862 stipite

129 1882 319 1966 Suspensus,
336 1883 473 1946 animuin
490 1902 712 1967 huncquoque
725 1881 917 1946 homicidam
928 1883 1051 1968 probat,

126 1988 196 2047 Nec
216 1983 289 2047 fieri
312 1985 345 2045 in
367 1985 435 2068 ipsa
458 1985 579 2047 desinit
598 2005 704 2069 poena
723 2005 854 2060 nocens,

93 2092 97 2099 '
127 2090 176 2150 hc
199 2089 246 2150 sie
268 2088 433 2171 profatur:
455 2088 512 2150 Ille
536 2090 563 2149 si
585 2089 675 2150 credi
699 2092 800 2172 cupis,

80 2196 110 2252 10
128 2190 234 2286 Quem
256 2195 345 2253 Deus
365 2191 536 2254 Hebraeae
557 2192 663 2276 gentis
685 2191 784 2275 elegit
805 2192 928 2268 ducem,

126 2295 193 2357 Nos
214 2306 310 2377 teque
331 2314 434 2357 serra.
459 2297 532 2356 Non
553 2294 625 2356 tulit
646 2314 759 2356 vocem
779 2295 910 2378 impiam

129 2397 248 2479 Culpao
270 2395 424 2480 necisque
446 2397 563 2470 socius,
586 2410 618 2458 et
638 2395 766 2458 tandem
788 2394 895 2459 ferum

129 2501 258 2561 Ponens
281 2499 454 2562 latronem:
476 2497 634 2574 Nondum,
661 2498 712 2574 ait,
734 2497 841 2561 disces
861 2499 969 2562 Deum

128 2601 171 2662 Et
191 2598 241 2662 fas
263 2601 384 2675 vereri,
406 2601 489 2661 iusta
511 2619 606 2683 quem
628 2599 711 2682 legis
734 2619 842 2662 sacrae

80 2711 109 2767 te
131 2701 280 2770 Vindicta
302 2701 540 2785 deprehendit?
563 2716 595 2764 et
615 2720 731 2785 peccas
752 2702 856 2765 adhuc

127 2809 247 2867 lterum
269 2802 409 2869 luenda?
432 2808 547 2867 Nostra
568 2803 687 2866 debent
709 2800 843 2868 crimina
902 2839 905 2847 ν

129 2906 354 3004 Quodcunque
375 2906 525 2989 petimur.
546 2909 609 2970 Iste
631 2906 709 2992 quid
731 2902 809 2970 iecit
829 2907 929 2971 maii?

127 3012 316 3094 Versusque
336 3008 377 3071 sd
399 3010 522 3093 ipsum:
545 3010 658 3086 Pareo,
681 3025 724 3087 te,
750 3011 880 3088 misero,
901 3021 1032 3096 precor,

129 3112 212 3173 Mihi
232 3130 301 3186 rex,
325 3110 470 3197 mihique
491 3111 650 3188 dominun,
673 3127 706 3175 et
725 3114 842 3175 lactum
864 3126 917 3178 tuo

80 3228 112 3282 70
131 3215 212 3276 Cum
232 3229 265 3278 te
287 3214 411 3278 tenebit
431 3216 510 3292 aula,
533 3215 578 3278 sis
601 3215 705 3278 nostri
725 3234 859 3278 memor.

131 3319 189 3380 llle
212 3318 323 3380 annuit
342 3317 513 3403 benignus,
535 3337 618 3403 oque
640 3315 710 3400 ipsa
733 3336 831 3380 cruce

128 3422 282 3505 Largitur
304 3437 405 3486 astra:
426 3422 564 3496 Mecum,
588 3421 641 3494 ait,
664 3439 790 3482 mecum
813 3413 923 3484 sacros
958 3456 962 3462 ·

130 3522 275 3586 Tenebis
297 3523 421 3600 hortos,
446 3524 534 3590 veris
555 3522 678 3585 oeterni
701 3523 781 3598 loca,

95 3641 98 3649 ’
129 3631 253 3694 Beatus·
269 3627 403 3713 hospes,
425 3642 594 3714 antequem
614 3617 696 3692 hoii
714 3643 845 3716 parens·
881 3654 884 3661 ·

785 3742 788 3747 ⁴
831 3731 833 3734 ’
920 3720 947 3750 'd
