2356 4282
99 429 161 500 152
498 429 618 492 Gnoru

116 606 148 658 75
167 596 392 663 Abominaudo
415 598 539 662 scelere
561 597 689 662 foedavi
710 599 818 684 dapes,

165 707 263 765 Potus
286 716 318 764 et
337 700 455 780 undas3
479 702 595 774 hocne,
618 702 703 785 quod
723 717 842 766 tantum
863 704 955 766 nefas

165 809 274 868 lurare
296 803 409 887 potuit,
436 823 494 866 ore
516 805 641 887 gustavi
662 805 763 888 impio

165 906 357 977 Veneranda
378 927 507 969 mensae
531 906 642 968 sacra?
664 909 730 970 Pro
752 908 866 991 pietas,
889 910 1000 973 ethos

164 1010 253 1094 Ergo
276 1008 406 1092 fugaces
429 1007 557 1070 Christe
578 1008 683 1070 lavisti
704 1009 826 1093 pedes?

114 1127 147 1179 80
165 1112 247 1209 Quis
267 1132 319 1172 me
341 1111 465 1174 nivosis
487 1110 646 1193 despuens
666 1111 783 1173 Libani
804 1113 889 1197 iugis

166 1212 305 1280 Gemino
326 1212 435 1273 citatas
458 1211 560 1293 capite
584 1211 736 1275 Iordanes
759 1235 856 1298 aquas

165 1317 248 1379 Satis
272 1313 392 1399 piarit?
415 1318 506 1375 Tune
530 1314 708 1377 Callirhoes
728 1317 859 1400 liquor?

165 1419 217 1482 An
239 1439 295 1481 vos
317 1417 476 1478 alumnum
499 1416 633 1499 poscitis
654 1418 753 1500 patrii
776 1417 887 1486 lacus?

163 1525 235 1586 Non
257 1523 327 1606 ipse
347 1523 482 1595 Nereus,
510 1540 604 1602 quem
628 1541 725 1602 super
745 1522 837 1585 Nilus
860 1545 958 1585 ruens

114 1642 147 1695 85
167 1625 321 1688 Caerulea
342 1621 448 1684 turbat
469 1642 527 1682 ore
550 1637 684 1705 septeno
706 1623 802 1704 vada3

166 1733 240 1791 Non
261 1725 342 1788 illud
364 1725 441 1787 olim
463 1723 550 1808 quod
572 1726 660 1787 stetit
679 1727 809 1808 proavis
833 1727 952 1790 fretum

164 1829 312 1894 Rubente
335 1827 460 1888 crimen
480 1825 585 1887 abluat
607 1825 707 1890 fluctu
728 1848 844 1891 mcum.

164 1932 194 1993 A
218 1952 268 1991 me
289 1928 446 2012 petendus
469 1927 585 1990 imber.
607 1931 682 1990 Heu
704 1946 831 1994 cessant
850 1931 954 1994 adhuc

164 2030 338 2096 Lamenta?
360 2030 523 2092 lachrimis
546 2046 714 2093 contumax
736 2034 840 2096 vultus
862 2032 948 2096 fluat.

112 2158 145 2208 90
167 2137 221 2200 Sic
246 2135 293 2198 sic
314 2133 452 2196 eundum
475 2148 543 2212 est3
566 2135 705 2197 verbere
728 2135 814 2197 illiso
837 2153 931 2201 sonet

166 2237 304 2301 Crudele
325 2250 449 2318 pectus3
475 2235 510 2296 hi
532 2235 647 2298 decent
669 2236 751 2298 ictus
773 2261 910 2301 manum.

164 2337 350 2404 Miseranda
374 2337 473 2398 debes
494 2337 573 2399 haec
594 2338 656 2400 tuis
679 2339 787 2421 Cepha
808 2341 916 2403 malis:

164 2443 252 2537 Quid
278 2442 333 2503 das
354 2439 530 2525 magistro?
551 2462 617 2504 nou
637 2439 749 2503 ferunt
768 2444 888 2506 luctum
910 2467 1022 2527 parem

165 2549 254 2644 Quae
277 2543 373 2618 facio,
402 2564 545 2627 quaeque
567 2544 674 2625 patior
682 2565 692 2622 3
717 2558 751 2606 ut
772 2559 868 2607 totam
889 2563 1025 2632 occupet

112 2671 144 2722 95
165 2653 237 2711 Nox
256 2648 317 2710 ista
338 2647 445 2722 vitam,
468 2667 566 2729 seque
589 2645 729 2716 flendam
753 2668 813 2730 per
836 2670 925 2712 meos

164 2753 340 2833 Dispenset
362 2770 471 2821 annos,
495 2747 627 2830 spiritus
649 2749 773 2811 medios
795 2765 900 2814 tamen

165 2853 310 2916 Gemitus
334 2850 507 2934 relinquet,
528 2871 589 2912 uec
612 2849 790 2913 satisfaciet
809 2853 910 2929 malis,

162 2958 312 3038 Interque
337 2954 439 3015 luctus
462 2951 564 3014 anima
590 2951 719 3015 deliciet
742 2975 825 3015 suos.

161 3060 223 3119 Iam
247 3055 342 3130 fletis,
369 3053 477 3118 oculi?
501 3052 582 3116 llere
606 3076 663 3118 vos
687 3053 795 3118 decuit
816 3056 922 3132 modo,

100 3177 150 3229 100
167 3165 255 3221 Tunc
279 3179 351 3222 cum
370 3157 527 3241 precandi
548 3172 690 3240 tempus:
714 3173 824 3224 atros
846 3159 997 3244 languide

229 3449 268 3502 V.
289 3453 329 3505 82.
351 3446 515 3504 Callirrhoe
544 3446 605 3500 fons
632 3464 723 3522 aquae
750 3447 859 3503 calidae
888 3465 982 3523 prope
1012 3467 1089 3507 mars

161 3544 310 3590 mortuum
328 3551 428 3590 versus
446 3532 632 3591 occidentem.
