2356 4282
101 465 165 536 124
460 469 667 531 Mammam

164 640 327 702 Memento
348 636 487 712 Idumae,
509 656 589 703 voco
612 656 693 722 quae
716 658 821 721 nuper
842 658 934 702 meos

165 738 352 804 Stimulabat
369 741 489 814 hostes,
517 739 642 806 Vertite
665 759 704 802 ex
726 740 791 804 imo
813 742 939 822 omnia3

165 843 281 907 Eruite
301 845 355 909 vel
375 842 461 928 quod
481 857 568 906 terra
589 841 753 907 defossum
774 845 864 927 tegit.

164 948 230 1009 Nec
251 946 321 1022 tibi,
344 945 499 1009 meretrix
520 966 643 1029 magna,
666 966 747 1029 quac
768 945 869 1009 futtuo
887 969 983 1012 meos

98 1055 148 1109 ³00
169 1051 266 1110 Fastu
281 1048 403 1132 premia
424 1048 557 1122 maiore,
579 1047 697 1110 vindex
719 1047 860 1132 desuper

165 1152 294 1215 Dormit
314 1171 457 1216 severus.
480 1149 606 1224 Aderit,
630 1154 667 1216 o!
689 1149 773 1213 adsit
792 1151 874 1226 dieo,
960 1159 964 1162 '

166 1255 345 1336 Victorque
366 1252 456 1327 felix,
478 1252 568 1336 paria
590 1253 647 1337 qui
667 1253 786 1316 nostris
806 1254 868 1317 tibi

166 1354 367 1419 Remetiatur
385 1355 537 1436 praemia,
562 1368 594 1416 et
613 1375 734 1443 pueros
757 1355 831 1417 sinu

166 1462 287 1541 Raptor
309 1470 478 1539 parentum
500 1457 627 1540 frangat
647 1457 688 1519 ad
709 1479 817 1520 saxum
839 1457 976 1542 immun,

100 1571 149 1623 ³05
168 1566 366 1645 Matremque
389 1575 462 1623 nato
483 1573 613 1643 spargat
632 1560 809 1624 exanimem
831 1583 900 1625 auo.

511 1770 636 1832 cuorus
689 1771 711 1830 1
716 1770 751 1833 V.

538 1935 634 1987 Filiae
651 1934 728 1987 Sion.

136 2119 146 2133 ,
168 2053 201 2115 Si
222 2067 335 2137 pectus
355 2054 487 2138 gemitu,
509 2052 641 2116 brachia
663 2054 852 2138 planctibus,

168 2155 202 2216 Si
224 2156 305 2217 rivio
327 2155 413 2218 oculi
434 2153 597 2218 sufficient
619 2157 722 2234 novis,

167 2259 349 2320 Extremam
372 2257 478 2320 sociae
500 2257 598 2321 dicite
620 2261 778 2334 naeniam,

167 2362 252 2421 Dum
275 2360 371 2420 sunus
391 2360 513 2441 patriae
534 2359 702 2424 condimus
724 2361 880 2423 ultimum.

100 2464 150 2518 310
168 2467 241 2524 Huc
264 2476 401 2523 moestae
423 2461 524 2523 iacies
549 2464 679 2546 squalor
702 2476 734 2524 et
754 2463 887 2536 orbitas,

169 2567 196 2626 F
199 2564 302 2626 unesti
323 2564 387 2625 huc
408 2564 554 2646 gemitus,
579 2564 643 2626 huc
666 2564 783 2626 iterum
805 2564 899 2628 dolor

169 2669 436 2750 Postremumque
460 2666 546 2730 veni.
569 2668 640 2728 Non
660 2666 763 2730 solitis
783 2668 891 2749 placet

170 2771 235 2831 Cor
256 2766 312 2852 figi
335 2768 487 2848 stimulis3
513 2767 615 2829 subde
638 2769 744 2831 animo
765 2768 865 2845 faces,

171 2871 258 2965 Quas
281 2890 342 2932 nec
365 2870 525 2933 continuis
545 2873 665 2955 pupula
686 2869 829 2949 fletibus,

103 2982 153 3034 315
171 2976 238 3035 Nec
261 2974 350 3055 lapsu
369 2973 490 3036 minuat
511 2974 666 3056 temporis
688 2973 804 3036 orbita.

99 3145 106 3157 ¹
213 3079 263 3136 En
283 3074 381 3137 nudat
400 3075 462 3137 tihi
482 3089 616 3157 pectora
639 3075 802 3150 solvimus,

170 3180 212 3240 Et
234 3177 356 3239 crinem
379 3177 499 3261 patriae
520 3177 656 3260 pulvere
677 3175 854 3238 sordidum.

170 3281 222 3360 Eu
243 3300 323 3364 quae
346 3280 517 3363 multiplici
539 3280 655 3342 funere
677 3278 792 3343 lividas

172 3383 343 3447 Suloavere
366 3404 477 3445 manus
499 3382 633 3448 vulnera
653 3404 714 3467 per
735 3402 843 3466 genas,
892 3430 895 3439 .

243 3627 356 3686 Chorus
374 3630 426 3686 IV.
443 3628 571 3684 Metram
588 3626 809 3703 Asclepiadem
825 3613 966 3701 primum.¹
987 3636 991 3641 ’
