2356 4282
143 453 185 525 26
537 456 682 522 Paravit

213 624 339 690 Subest.
382 627 517 690 Inuitum
538 627 643 697 nullus
664 628 750 690 hune
769 642 879 691 contra
900 629 974 693 tulit

211 729 359 791 Facinus.
402 728 470 792 Sis.
493 729 582 791 Nihil
601 751 652 792 me
673 751 751 793 vana
774 745 937 814 perterret
956 730 1013 794 det

212 833 354 895 imbellis
375 833 433 909 ira,
466 833 556 896 cuius
577 833 748 897 infractum
770 854 840 897 mea

213 934 339 1001 Virtute
362 936 464 998 robur
486 934 613 1010 cecidit.
660 936 747 997 Hinc
767 957 868 1020 porro
889 936 1016 1020 exigam

148 1042 197 1095 270
213 1037 343 1100 Tellure
364 1037 524 1120 adempta:
549 1038 669 1122 quique
690 1038 752 1099 iam
774 1038 889 1100 vestris
912 1038 989 1099 Baal

213 1141 322 1224 Prope
343 1161 424 1203 unus
446 1140 509 1202 aris
530 1140 656 1215 colitur,
679 1140 713 1201 in
733 1141 892 1224 reliquum
915 1161 1018 1224 genus

214 1242 351 1326 Imperia
372 1241 501 1325 penitus
522 1256 659 1327 sparget
704 1245 780 1304 Bur.
807 1243 933 1304 Averso
956 1243 1049 1326 prins

214 1343 359 1408 Iordanis
381 1364 472 1406 amne
493 1343 618 1407 reseret
639 1345 673 1406 in
695 1345 842 1428 geminos
861 1344 979 1428 pedam

215 1449 334 1509 Fontes
355 1446 511 1528 relapsus.
559 1447 644 1509 Ante
667 1462 840 1529 conceptos
861 1448 934 1509 sinu

146 1563 196 1617 275
215 1547 353 1613 Fovebit
374 1548 465 1633 ignes
487 1548 616 1630 Tethys,
649 1548 813 1611 infandum
834 1550 938 1612 scelus

215 1651 316 1744 Quam
338 1665 444 1714 mente
468 1651 599 1735 capiam,
625 1652 694 1713 iura
717 1672 810 1735 quam
832 1650 917 1713 cultu
938 1650 1040 1734 impio

216 1755 343 1816 Sacrata
363 1753 493 1828 violem,
519 1775 580 1837 pro
602 1751 718 1838 quibus
739 1752 874 1835 patriam
897 1752 1004 1829 velim,

214 1859 323 1930 Natos,
349 1871 511 1939 parentes,
534 1856 714 1938 coniugem,
734 1855 830 1918 vitam
854 1853 941 1916 dare.

215 1960 283 2024 Sis.
307 1960 348 2020 At
368 1980 443 2041 pars
464 1972 590 2021 tuorum
611 1958 714 2019 maior
735 1957 820 2019 hunc
841 1957 969 2040 templis
991 1957 1087 2021 deum

147 2076 198 2130 280
217 2062 409 2147 adscripsit,
433 2061 492 2124 hac
513 2076 547 2125 tu
570 2062 696 2124 salusa
719 2061 813 2124 turba
836 2060 943 2144 sapis?

214 2169 291 2231 Bar.
317 2170 439 2232 Vesana
461 2163 575 2249 plebes
597 2163 744 2249 quolibet
764 2183 921 2247 praeceps
945 2163 1011 2226 ruit

216 2267 397 2351 Facilisque
419 2265 508 2329 {lecti
530 2280 588 2339 est,
619 2286 712 2348 quam
734 2278 846 2339 metus,
880 2285 954 2346 spes
977 2280 1030 2328 aut
1051 2264 1137 2328 furor

214 2372 281 2433 Aut
301 2369 487 2452 imperantis
508 2383 602 2430 nutus
624 2367 658 2427 in
678 2382 802 2450 partem
824 2366 920 2449 rapit.

215 2472 276 2535 His
298 2492 349 2533 me
374 2468 559 2534 remittam?
581 2471 675 2532 stulta
697 2468 824 2532 servilis
848 2479 964 2554 se'quar

148 2582 199 2636 285
219 2572 361 2635 arbitria
385 2572 494 2656 vulgi?
522 2572 612 2636 stabo
634 2571 686 2635 vel
707 2585 773 2634 tota
794 2571 909 2633 unicus

217 2679 268 2739 De
289 2689 401 2760 geute:
426 2676 521 2740 vitam
543 2694 658 2758 rapere
679 2674 719 2735 ab
741 2674 843 2737 invito
865 2688 968 2756 potes.

218 2777 360 2840 Auferre
381 2790 520 2839 mentem
541 2797 605 2837 non
628 2790 729 2859 potes.
776 2779 902 2836 Mecum
923 2773 1028 2838 adiice

219 2879 347 2943 Sentias
371 2877 528 2962 quidquid
548 2878 630 2942 Isaci
651 2899 669 2940 e
691 2877 792 2961 stirpe
815 2875 966 2958 inclytum

220 2983 387 3066 Supraque
409 2978 525 3043 dubiae
546 2981 643 3042 sortis
665 2993 808 3042 erectum
830 2978 919 3043 vices

149 3096 200 3150 20⁰
218 3083 293 3147 Pari
313 3083 422 3144 ruinas
443 3097 575 3165 pectore
596 3082 745 3166 ingentes
767 3080 860 3164 capit.

211 3186 284 3250 Sis.
307 3189 468 3248 Tantusne
490 3185 607 3249 victum
630 3186 761 3269 spiritus
783 3204 901 3247 numen
920 3181 1018 3245 faciti

217 3292 294 3353 Bar.
308 3287 415 3350 Haud
436 3289 539 3353 victus
560 3289 615 3350 ills
637 3303 693 3364 est,
721 3300 834 3371 sponte
856 3286 912 3370 qui
933 3286 1020 3349 vinci
1042 3305 1115 3347 suos

217 3391 352 3455 Patitur.
376 3392 443 3455 Sis.
467 3390 554 3490 Quid
576 3391 665 3453 illum
687 3390 792 3476 gentis
815 3389 948 3453 eductae
969 3387 1083 3474 piget?

218 3496 294 3557 Bur.
305 3494 497 3558 Praestanda
504 3493 630 3555 fuerant
639 3492 770 3558 scelera.
778 3493 844 3557 Sis.
853 3492 1016 3555 Cnrhoste
1023 3485 1142 3552 utitur?

149 3605 200 3660 295
218 3599 294 3661 Bar.
307 3600 347 3662 Ut
357 3596 472 3682 perdat
480 3595 616 3660 hostem.
633 3595 700 3661 Sta.
718 3599 819 3661 Nemo
828 3616 923 3681 quem
936 3592 1046 3679 perdit
1059 3593 1143 3665 best.
