<?xml version="1.0" encoding="UTF-8"?>
<!DOCTYPE html PUBLIC "-//W3C//DTD XHTML 1.0 Transitional//EN"
    "http://www.w3.org/TR/xhtml1/DTD/xhtml1-transitional.dtd">
<html xmlns="http://www.w3.org/1999/xhtml" xml:lang="en" lang="en">
 <head>
  <title>
</title>
<meta http-equiv="Content-Type" content="text/html;charset=utf-8" />
  <meta name='ocr-system' content='tesseract 3.04.00' />
  <meta name='ocr-capabilities' content='ocr_page ocr_carea ocr_par ocr_line ocrx_word'/>
</head>
<body>
  <div class='ocr_page' id='page_1' title='image "./tragoediaeselec00malagoog_0140.png"; bbox 0 0 2356 4282; ppageno 0'>
   <div class='ocr_carea' id='block_1_1' title="bbox 487 448 655 510">
    <p class='ocr_par' dir='ltr' id='par_1_1' title="bbox 487 448 655 510">
     <span class='ocr_line' id='line_1_1' title="bbox 487 448 655 510; baseline -0.012 0"><span class='ocrx_word' id='word_1_1' title='bbox 487 448 655 510; x_wconf 81' lang='lat' dir='ltr'>Sunucms.</span> 
     </span>
    </p>
   </div>
   <div class='ocr_carea' id='block_1_2' title="bbox 57 616 1042 3686">
    <p class='ocr_par' dir='ltr' id='par_1_2' title="bbox 57 616 1042 3686">
     <span class='ocr_line' id='line_1_2' title="bbox 112 616 799 699; baseline -0.007 -17"><span class='ocrx_word' id='word_1_2' title='bbox 112 621 216 682; x_wconf 88' lang='lat' dir='ltr'>Unam</span> <span class='ocrx_word' id='word_1_3' title='bbox 237 632 342 682; x_wconf 88' lang='lat' dir='ltr'>tamen</span> <span class='ocrx_word' id='word_1_4' title='bbox 363 616 477 680; x_wconf 83' lang='lat' dir='ltr'>deesse</span> <span class='ocrx_word' id='word_1_5' title='bbox 498 616 658 680; x_wconf 84' lang='lat' dir='ltr'>vindictae</span> <span class='ocrx_word' id='word_1_6' title='bbox 679 637 799 699; x_wconf 83' lang='lat' dir='ltr'>queror</span> 
     </span>
     <span class='ocr_line' id='line_1_3' title="bbox 110 718 898 801; baseline -0.004 -18"><span class='ocrx_word' id='word_1_7' title='bbox 110 721 253 783; x_wconf 85' lang='lat' dir='ltr'>Laudem</span> <span class='ocrx_word' id='word_1_8' title='bbox 274 719 403 784; x_wconf 83' lang='lat' dir='ltr'>beatae:</span> <span class='ocrx_word' id='word_1_9' title='bbox 426 719 531 781; x_wconf 81' lang='lat' dir='ltr'>fuerat</span> <span class='ocrx_word' id='word_1_10' title='bbox 552 718 632 780; x_wconf 86' lang='lat' dir='ltr'>haec</span> <span class='ocrx_word' id='word_1_11' title='bbox 655 719 774 801; x_wconf 82' lang='lat' dir='ltr'>populu</span> <span class='ocrx_word' id='word_1_12' title='bbox 795 719 898 801; x_wconf 86' lang='lat' dir='ltr'>palam</span> 
     </span>
     <span class='ocr_line' id='line_1_4' title="bbox 112 818 869 905; baseline -0.005 -20"><span class='ocrx_word' id='word_1_13' title='bbox 112 829 224 885; x_wconf 85' lang='lat' dir='ltr'>Manus</span> <span class='ocrx_word' id='word_1_14' title='bbox 244 820 419 905; x_wconf 82' lang='lat' dir='ltr'>probanda,</span> <span class='ocrx_word' id='word_1_15' title='bbox 442 842 507 883; x_wconf 85' lang='lat' dir='ltr'>nun</span> <span class='ocrx_word' id='word_1_16' title='bbox 527 818 614 881; x_wconf 75' lang='lat' dir='ltr'>&lt;lomi</span> <span class='ocrx_word' id='word_1_17' title='bbox 636 820 765 882; x_wconf 86' lang='lat' dir='ltr'>occluso</span> <span class='ocrx_word' id='word_1_18' title='bbox 787 821 869 881; x_wconf 88' lang='lat' dir='ltr'>male</span> 
     </span>
     <span class='ocr_line' id='line_1_5' title="bbox 111 920 874 989; baseline -0.004 -2"><span class='ocrx_word' id='word_1_19' title='bbox 111 923 282 987; x_wconf 80' lang='lat' dir='ltr'>Perdenda</span> <span class='ocrx_word' id='word_1_20' title='bbox 304 923 419 989; x_wconf 81' lang='lat' dir='ltr'>virtus.</span> <span class='ocrx_word' id='word_1_21' title='bbox 439 924 551 985; x_wconf 83' lang='lat' dir='ltr'>Lictor</span> <span class='ocrx_word' id='word_1_22' title='bbox 571 920 634 982; x_wconf 90' lang='lat' dir='ltr'>huc</span> <span class='ocrx_word' id='word_1_23' title='bbox 655 921 761 985; x_wconf 77' lang='lat' dir='ltr'>vivum</span> <span class='ocrx_word' id='word_1_24' title='bbox 782 922 874 984; x_wconf 84' lang='lat' dir='ltr'>trahe</span> 
     </span>
     <span class='ocr_line' id='line_1_6' title="bbox 60 1026 858 1111; baseline -0.005 -22"><span class='ocrx_word' id='word_1_25' title='bbox 60 1036 94 1089; x_wconf 85' lang='lat'>15</span> <span class='ocrx_word' id='word_1_26' title='bbox 113 1028 215 1111; x_wconf 85' lang='lat' dir='ltr'>Regis</span> <span class='ocrx_word' id='word_1_27' title='bbox 237 1026 382 1101; x_wconf 80' lang='lat' dir='ltr'>cadaver,</span> <span class='ocrx_word' id='word_1_28' title='bbox 406 1027 558 1111; x_wconf 86' lang='lat' dir='ltr'>sauguine</span> <span class='ocrx_word' id='word_1_29' title='bbox 579 1040 724 1089; x_wconf 83' lang='lat' dir='ltr'>naturum</span> <span class='ocrx_word' id='word_1_30' title='bbox 747 1038 779 1086; x_wconf 91' lang='lat' dir='ltr'>et</span> <span class='ocrx_word' id='word_1_31' title='bbox 800 1045 858 1086; x_wconf 83' lang='lat' dir='ltr'>suu</span> 
     </span>
     <span class='ocr_line' id='line_1_7' title="bbox 112 1128 897 1211; baseline -0.008 -17"><span class='ocrx_word' id='word_1_32' title='bbox 112 1129 256 1194; x_wconf 85' lang='lat' dir='ltr'>Vulnere</span> <span class='ocrx_word' id='word_1_33' title='bbox 276 1143 460 1205; x_wconf 77' lang='lat' dir='ltr'>cruentum3</span> <span class='ocrx_word' id='word_1_34' title='bbox 484 1129 651 1190; x_wconf 82' lang='lat' dir='ltr'>Rcblnthis</span> <span class='ocrx_word' id='word_1_35' title='bbox 674 1128 897 1211; x_wconf 83' lang='lat' dir='ltr'>spectaculum,</span> 
     </span>
     <span class='ocr_line' id='line_1_8' title="bbox 113 1228 827 1315; baseline -0.001 -24"><span class='ocrx_word' id='word_1_36' title='bbox 113 1229 367 1315; x_wconf 86' lang='lat' dir='ltr'>Rebellibusque</span> <span class='ocrx_word' id='word_1_37' title='bbox 389 1228 499 1291; x_wconf 88' lang='lat' dir='ltr'>nubile</span> <span class='ocrx_word' id='word_1_38' title='bbox 521 1231 704 1312; x_wconf 85' lang='lat' dir='ltr'>exemplum</span> <span class='ocrx_word' id='word_1_39' title='bbox 724 1228 827 1291; x_wconf 78' lang='lat' dir='ltr'>tabit:</span> 
     </span>
     <span class='ocr_line' id='line_1_9' title="bbox 112 1330 824 1414; baseline -0.003 -22"><span class='ocrx_word' id='word_1_40' title='bbox 112 1330 237 1394; x_wconf 80' lang='lat' dir='ltr'>Audire</span> <span class='ocrx_word' id='word_1_41' title='bbox 261 1332 374 1394; x_wconf 85' lang='lat' dir='ltr'>miseri</span> <span class='ocrx_word' id='word_1_42' title='bbox 393 1331 537 1394; x_wconf 87' lang='lat' dir='ltr'>cominus</span> <span class='ocrx_word' id='word_1_43' title='bbox 559 1345 688 1414; x_wconf 86' lang='lat' dir='ltr'>questus</span> <span class='ocrx_word' id='word_1_44' title='bbox 709 1331 824 1413; x_wconf 88' lang='lat' dir='ltr'>placet.</span> 
     </span>
     <span class='ocr_line' id='line_1_10' title="bbox 112 1429 876 1515; baseline -0.01 -15"><span class='ocrx_word' id='word_1_45' title='bbox 112 1435 181 1500; x_wconf 87' lang='lat' dir='ltr'>Vos</span> <span class='ocrx_word' id='word_1_46' title='bbox 203 1431 301 1495; x_wconf 82' lang='lat' dir='ltr'>facite</span> <span class='ocrx_word' id='word_1_47' title='bbox 324 1453 437 1515; x_wconf 87' lang='lat' dir='ltr'>regem</span> <span class='ocrx_word' id='word_1_48' title='bbox 463 1453 558 1493; x_wconf 90' lang='lat' dir='ltr'>nemo</span> <span class='ocrx_word' id='word_1_49' title='bbox 580 1431 720 1495; x_wconf 80' lang='lat' dir='ltr'>vicinum</span> <span class='ocrx_word' id='word_1_50' title='bbox 743 1429 876 1505; x_wconf 87' lang='lat' dir='ltr'>indicet,</span> 
     </span>
     <span class='ocr_line' id='line_1_11' title="bbox 57 1533 835 1618; baseline -0.005 -21"><span class='ocrx_word' id='word_1_51' title='bbox 57 1538 95 1590; x_wconf 83' lang='lat'>2⁰</span> <span class='ocrx_word' id='word_1_52' title='bbox 115 1533 291 1618; x_wconf 86' lang='lat' dir='ltr'>Caecisque</span> <span class='ocrx_word' id='word_1_53' title='bbox 313 1547 397 1597; x_wconf 87' lang='lat' dir='ltr'>totae</span> <span class='ocrx_word' id='word_1_54' title='bbox 420 1534 586 1618; x_wconf 80' lang='lat' dir='ltr'>gressibus</span> <span class='ocrx_word' id='word_1_55' title='bbox 608 1546 733 1615; x_wconf 87' lang='lat' dir='ltr'>pateant</span> <span class='ocrx_word' id='word_1_56' title='bbox 753 1533 835 1595; x_wconf 81' lang='lat' dir='ltr'>viae.</span> 
     </span>
     <span class='ocr_line' id='line_1_12' title="bbox 113 1633 894 1730; baseline -0.005 -31"><span class='ocrx_word' id='word_1_57' title='bbox 113 1635 189 1699; x_wconf 75' lang='lat' dir='ltr'>Seu.</span> <span class='ocrx_word' id='word_1_58' title='bbox 211 1635 292 1730; x_wconf 77' lang='lat' dir='ltr'>Quis</span> <span class='ocrx_word' id='word_1_59' title='bbox 315 1636 482 1718; x_wconf 86' lang='lat' dir='ltr'>cespitanti</span> <span class='ocrx_word' id='word_1_60' title='bbox 505 1637 593 1718; x_wconf 81' lang='lat' dir='ltr'>cogit</span> <span class='ocrx_word' id='word_1_61' title='bbox 615 1635 772 1696; x_wconf 86' lang='lat' dir='ltr'>incertum</span> <span class='ocrx_word' id='word_1_62' title='bbox 793 1633 894 1718; x_wconf 83' lang='lat' dir='ltr'>gradu</span> 
     </span>
     <span class='ocr_line' id='line_1_13' title="bbox 111 1736 1035 1820; baseline -0.005 -19"><span class='ocrx_word' id='word_1_63' title='bbox 111 1742 296 1820; x_wconf 84' lang='lat' dir='ltr'>Properare</span> <span class='ocrx_word' id='word_1_64' title='bbox 310 1736 449 1799; x_wconf 77' lang='lat' dir='ltr'>ductor?</span> <span class='ocrx_word' id='word_1_65' title='bbox 470 1737 590 1800; x_wconf 87' lang='lat' dir='ltr'>trahito</span> <span class='ocrx_word' id='word_1_66' title='bbox 604 1756 666 1820; x_wconf 90' lang='lat' dir='ltr'>quo</span> <span class='ocrx_word' id='word_1_67' title='bbox 683 1736 819 1800; x_wconf 87' lang='lat' dir='ltr'>lubitum</span> <span class='ocrx_word' id='word_1_68' title='bbox 830 1752 888 1812; x_wconf 88' lang='lat' dir='ltr'>est,</span> <span class='ocrx_word' id='word_1_69' title='bbox 907 1754 1035 1820; x_wconf 81' lang='lat' dir='ltr'>sequor,</span> 
     </span>
     <span class='ocr_line' id='line_1_14' title="bbox 113 1838 962 1932; baseline 0 -31"><span class='ocrx_word' id='word_1_70' title='bbox 113 1840 176 1907; x_wconf 84' lang='lat' dir='ltr'>Vei</span> <span class='ocrx_word' id='word_1_71' title='bbox 198 1838 238 1901; x_wconf 85' lang='lat' dir='ltr'>ad</span> <span class='ocrx_word' id='word_1_72' title='bbox 259 1853 434 1919; x_wconf 86' lang='lat' dir='ltr'>tyrannum.</span> <span class='ocrx_word' id='word_1_73' title='bbox 458 1838 614 1932; x_wconf 73' lang='lat' dir='ltr'>Quisquis</span> <span class='ocrx_word' id='word_1_74' title='bbox 637 1860 671 1900; x_wconf 89' lang='lat' dir='ltr'>es</span> <span class='ocrx_word' id='word_1_75' title='bbox 692 1855 807 1914; x_wconf 87' lang='lat' dir='ltr'>tamen,</span> <span class='ocrx_word' id='word_1_76' title='bbox 831 1854 962 1922; x_wconf 60' lang='lat' dir='ltr'>precum</span> 
     </span>
     <span class='ocr_line' id='line_1_15' title="bbox 113 1938 843 2022; baseline -0.001 -21"><span class='ocrx_word' id='word_1_77' title='bbox 113 1943 161 2002; x_wconf 86' lang='lat' dir='ltr'>Ne</span> <span class='ocrx_word' id='word_1_78' title='bbox 183 1938 323 2002; x_wconf 83' lang='lat' dir='ltr'>filiorum</span> <span class='ocrx_word' id='word_1_79' title='bbox 344 1938 488 2001; x_wconf 84' lang='lat' dir='ltr'>membra</span> <span class='ocrx_word' id='word_1_80' title='bbox 510 1940 695 2021; x_wconf 82' lang='lat' dir='ltr'>proculcem</span> <span class='ocrx_word' id='word_1_81' title='bbox 716 1961 843 2022; x_wconf 84' lang='lat' dir='ltr'>parens,</span> 
     </span>
     <span class='ocr_line' id='line_1_16' title="bbox 57 2040 844 2124; baseline 0.001 -22"><span class='ocrx_word' id='word_1_82' title='bbox 57 2050 96 2102; x_wconf 84' lang='lat'>25</span> <span class='ocrx_word' id='word_1_83' title='bbox 117 2045 256 2104; x_wconf 82' lang='lat' dir='ltr'>Carusve</span> <span class='ocrx_word' id='word_1_84' title='bbox 278 2040 406 2124; x_wconf 87' lang='lat' dir='ltr'>sanguis</span> <span class='ocrx_word' id='word_1_85' title='bbox 426 2041 586 2102; x_wconf 88' lang='lat' dir='ltr'>lubricum</span> <span class='ocrx_word' id='word_1_86' title='bbox 609 2040 696 2103; x_wconf 80' lang='lat' dir='ltr'>fallat</span> <span class='ocrx_word' id='word_1_87' title='bbox 716 2042 844 2124; x_wconf 86' lang='lat' dir='ltr'>pedem.</span> 
     </span>
     <span class='ocr_line' id='line_1_17' title="bbox 113 2142 889 2226; baseline 0.005 -22"><span class='ocrx_word' id='word_1_88' title='bbox 113 2144 246 2211; x_wconf 82' lang='lat' dir='ltr'>Violare</span> <span class='ocrx_word' id='word_1_89' title='bbox 269 2142 364 2205; x_wconf 82' lang='lat' dir='ltr'>furor</span> <span class='ocrx_word' id='word_1_90' title='bbox 387 2156 444 2216; x_wconf 89' lang='lat' dir='ltr'>est,</span> <span class='ocrx_word' id='word_1_91' title='bbox 473 2142 541 2224; x_wconf 88' lang='lat' dir='ltr'>ipsa</span> <span class='ocrx_word' id='word_1_92' title='bbox 561 2143 647 2226; x_wconf 89' lang='lat' dir='ltr'>quod</span> <span class='ocrx_word' id='word_1_93' title='bbox 668 2157 736 2204; x_wconf 86' lang='lat' dir='ltr'>tuto</span> <span class='ocrx_word' id='word_1_94' title='bbox 759 2145 792 2204; x_wconf 90' lang='lat' dir='ltr'>in</span> <span class='ocrx_word' id='word_1_95' title='bbox 814 2145 889 2208; x_wconf 84' lang='lat' dir='ltr'>loco&#39;</span> 
     </span>
     <span class='ocr_line' id='line_1_18' title="bbox 114 2243 816 2329; baseline 0.001 -21"><span class='ocrx_word' id='word_1_96' title='bbox 114 2249 232 2308; x_wconf 84' lang='lat' dir='ltr'>Natura</span> <span class='ocrx_word' id='word_1_97' title='bbox 253 2245 376 2326; x_wconf 82' lang='lat' dir='ltr'>posuit3</span> <span class='ocrx_word' id='word_1_98' title='bbox 400 2243 517 2306; x_wconf 78' lang='lat' dir='ltr'>fallor?</span> <span class='ocrx_word' id='word_1_99' title='bbox 541 2268 580 2305; x_wconf 90' lang='lat' dir='ltr'>an</span> <span class='ocrx_word' id='word_1_100' title='bbox 600 2246 676 2307; x_wconf 82' lang='lat' dir='ltr'>tetri</span> <span class='ocrx_word' id='word_1_101' title='bbox 702 2267 816 2329; x_wconf 86' lang='lat' dir='ltr'>specus</span> 
     </span>
     <span class='ocr_line' id='line_1_19' title="bbox 93 2345 951 2430; baseline 0.002 -20"><span class='ocrx_word' id='word_1_102' title='bbox 93 2350 187 2410; x_wconf 76' lang='lat' dir='ltr'>&#39;lter‘</span> <span class='ocrx_word' id='word_1_103' title='bbox 204 2361 253 2409; x_wconf 87' lang='lat' dir='ltr'>est</span> <span class='ocrx_word' id='word_1_104' title='bbox 272 2345 312 2409; x_wconf 88' lang='lat' dir='ltr'>ad</span> <span class='ocrx_word' id='word_1_105' title='bbox 336 2346 463 2407; x_wconf 77' lang='lat' dir='ltr'>umbras</span> <span class='ocrx_word' id='word_1_106' title='bbox 489 2347 694 2430; x_wconf 82' lang='lat' dir='ltr'>carcerisquc</span> <span class='ocrx_word' id='word_1_107' title='bbox 716 2363 841 2410; x_wconf 86' lang='lat' dir='ltr'>antrum</span> <span class='ocrx_word' id='word_1_108' title='bbox 861 2348 951 2412; x_wconf 77' lang='lat' dir='ltr'>mei?</span> 
     </span>
     <span class='ocr_line' id='line_1_20' title="bbox 115 2448 741 2530; baseline 0.003 -22"><span class='ocrx_word' id='word_1_109' title='bbox 115 2449 195 2510; x_wconf 84' lang='lat' dir='ltr'>Illuc</span> <span class='ocrx_word' id='word_1_110' title='bbox 220 2468 342 2510; x_wconf 85' lang='lat' dir='ltr'>eamus:</span> <span class='ocrx_word' id='word_1_111' title='bbox 368 2448 503 2510; x_wconf 88' lang='lat' dir='ltr'>caecitas</span> <span class='ocrx_word' id='word_1_112' title='bbox 525 2449 621 2529; x_wconf 88' lang='lat' dir='ltr'>capiti</span> <span class='ocrx_word' id='word_1_113' title='bbox 642 2448 741 2530; x_wconf 87' lang='lat' dir='ltr'>impio</span> 
     </span>
     <span class='ocr_line' id='line_1_21' title="bbox 60 2550 1042 2646; baseline 0.007 -36"><span class='ocrx_word' id='word_1_114' title='bbox 60 2559 98 2611; x_wconf 83' lang='lat'>30</span> <span class='ocrx_word' id='word_1_115' title='bbox 115 2554 234 2612; x_wconf 83' lang='lat' dir='ltr'>Parum</span> <span class='ocrx_word' id='word_1_116' title='bbox 257 2550 317 2612; x_wconf 87' lang='lat' dir='ltr'>alta</span> <span class='ocrx_word' id='word_1_117' title='bbox 339 2572 403 2612; x_wconf 82' lang='lat' dir='ltr'>nox</span> <span class='ocrx_word' id='word_1_118' title='bbox 424 2565 481 2612; x_wconf 88' lang='lat' dir='ltr'>est.</span> <span class='ocrx_word' id='word_1_119' title='bbox 508 2550 595 2646; x_wconf 76' lang='lat' dir='ltr'>Quid</span> <span class='ocrx_word' id='word_1_120' title='bbox 611 2550 691 2610; x_wconf 84' lang='lat' dir='ltr'>male</span> <span class='ocrx_word' id='word_1_121' title='bbox 706 2550 760 2612; x_wconf 90' lang='lat' dir='ltr'>hic</span> <span class='ocrx_word' id='word_1_122' title='bbox 779 2573 910 2635; x_wconf 83' lang='lat' dir='ltr'>superas</span> <span class='ocrx_word' id='word_1_123' title='bbox 930 2551 1042 2616; x_wconf 79' lang='lat' dir='ltr'>domos</span> 
     </span>
     <span class='ocr_line' id='line_1_22' title="bbox 117 2651 893 2734; baseline 0 -20"><span class='ocrx_word' id='word_1_124' title='bbox 117 2654 228 2714; x_wconf 82' lang='lat' dir='ltr'>Funus</span> <span class='ocrx_word' id='word_1_125' title='bbox 250 2652 384 2734; x_wconf 88' lang='lat' dir='ltr'>luesque</span> <span class='ocrx_word' id='word_1_126' title='bbox 407 2651 553 2715; x_wconf 77' lang='lat' dir='ltr'>oberro?</span> <span class='ocrx_word' id='word_1_127' title='bbox 577 2651 655 2734; x_wconf 91' lang='lat' dir='ltr'>quid</span> <span class='ocrx_word' id='word_1_128' title='bbox 677 2673 784 2712; x_wconf 84' lang='lat' dir='ltr'>manes</span> <span class='ocrx_word' id='word_1_129' title='bbox 805 2674 893 2714; x_wconf 88' lang='lat' dir='ltr'>meos</span> 
     </span>
     <span class='ocr_line' id='line_1_23' title="bbox 117 2753 761 2836; baseline 0 -22"><span class='ocrx_word' id='word_1_130' title='bbox 117 2756 160 2816; x_wconf 92' lang='lat' dir='ltr'>Et</span> <span class='ocrx_word' id='word_1_131' title='bbox 181 2754 356 2835; x_wconf 77' lang='lat' dir='ltr'>insepultus</span> <span class='ocrx_word' id='word_1_132' title='bbox 378 2754 471 2817; x_wconf 79' lang='lat' dir='ltr'>vivus</span> <span class='ocrx_word' id='word_1_133' title='bbox 492 2753 643 2836; x_wconf 85' lang='lat' dir='ltr'>exequias</span> <span class='ocrx_word' id='word_1_134' title='bbox 664 2754 761 2815; x_wconf 77' lang='lat' dir='ltr'>traho&#39;</span> 
     </span>
     <span class='ocr_line' id='line_1_24' title="bbox 116 2853 947 2938; baseline 0.001 -21"><span class='ocrx_word' id='word_1_135' title='bbox 116 2853 268 2917; x_wconf 85' lang='lat' dir='ltr'>Mihimet</span> <span class='ocrx_word' id='word_1_136' title='bbox 288 2853 483 2937; x_wconf 76' lang='lat' dir='ltr'>parentans?</span> <span class='ocrx_word' id='word_1_137' title='bbox 505 2855 631 2918; x_wconf 84' lang='lat' dir='ltr'>reddite</span> <span class='ocrx_word' id='word_1_138' title='bbox 654 2856 825 2938; x_wconf 87' lang='lat' dir='ltr'>sepulchro</span> <span class='ocrx_word' id='word_1_139' title='bbox 848 2880 947 2934; x_wconf 85' lang='lat' dir='ltr'>suum,</span> 
     </span>
     <span class='ocr_line' id='line_1_25' title="bbox 118 2954 883 3042; baseline 0.005 -24"><span class='ocrx_word' id='word_1_140' title='bbox 118 2956 186 3018; x_wconf 78' lang='lat' dir='ltr'>Aut</span> <span class='ocrx_word' id='word_1_141' title='bbox 207 2956 298 3038; x_wconf 85' lang='lat' dir='ltr'>rupis</span> <span class='ocrx_word' id='word_1_142' title='bbox 320 2956 400 3017; x_wconf 79' lang='lat' dir='ltr'>ultae</span> <span class='ocrx_word' id='word_1_143' title='bbox 423 2954 552 3018; x_wconf 81' lang='lat' dir='ltr'>condite</span> <span class='ocrx_word' id='word_1_144' title='bbox 575 2957 752 3020; x_wconf 81' lang='lat' dir='ltr'>abstrusum</span> <span class='ocrx_word' id='word_1_145' title='bbox 775 2980 883 3042; x_wconf 84' lang='lat' dir='ltr'>specu.</span> 
     </span>
     <span class='ocr_line' id='line_1_26' title="bbox 68 3056 801 3140; baseline 0 -20"><span class='ocrx_word' id='word_1_146' title='bbox 68 3060 194 3121; x_wconf 72' lang='lat' dir='ltr'>seston</span> <span class='ocrx_word' id='word_1_147' title='bbox 215 3057 270 3118; x_wconf 84' lang='lat' dir='ltr'>itte</span> <span class='ocrx_word' id='word_1_148' title='bbox 290 3056 410 3140; x_wconf 78' lang='lat' dir='ltr'>primis</span> <span class='ocrx_word' id='word_1_149' title='bbox 428 3057 551 3119; x_wconf 89' lang='lat' dir='ltr'>solibus</span> <span class='ocrx_word' id='word_1_150' title='bbox 572 3075 677 3140; x_wconf 86' lang='lat' dir='ltr'>pateat</span> <span class='ocrx_word' id='word_1_151' title='bbox 701 3061 801 3132; x_wconf 78' lang='lat' dir='ltr'>locus,</span> 
     </span>
     <span class='ocr_line' id='line_1_27' title="bbox 118 3157 882 3242; baseline 0.001 -21"><span class='ocrx_word' id='word_1_152' title='bbox 118 3163 192 3221; x_wconf 90' lang='lat' dir='ltr'>Non</span> <span class='ocrx_word' id='word_1_153' title='bbox 214 3158 268 3219; x_wconf 83' lang='lat' dir='ltr'>itte</span> <span class='ocrx_word' id='word_1_154' title='bbox 289 3158 372 3218; x_wconf 80' lang='lat' dir='ltr'>s&#39;cris</span> <span class='ocrx_word' id='word_1_155' title='bbox 380 3180 390 3236; x_wconf 83' lang='lat'>3</span> <span class='ocrx_word' id='word_1_156' title='bbox 416 3157 494 3240; x_wconf 90' lang='lat' dir='ltr'>quid</span> <span class='ocrx_word' id='word_1_157' title='bbox 514 3159 594 3219; x_wconf 89' lang='lat' dir='ltr'>mihi</span> <span class='ocrx_word' id='word_1_158' title='bbox 617 3159 779 3242; x_wconf 86' lang='lat' dir='ltr'>impendat</span> <span class='ocrx_word' id='word_1_159' title='bbox 797 3161 882 3222; x_wconf 83' lang='lat' dir='ltr'>diem</span> 
     </span>
     <span class='ocr_line' id='line_1_28' title="bbox 119 3258 950 3343; baseline 0.002 -21"><span class='ocrx_word' id='word_1_160' title='bbox 119 3258 306 3343; x_wconf 86' lang='lat' dir='ltr'>Perdatque</span> <span class='ocrx_word' id='word_1_161' title='bbox 327 3258 503 3322; x_wconf 77' lang='lat' dir='ltr'>Phoebus?</span> <span class='ocrx_word' id='word_1_162' title='bbox 525 3263 627 3322; x_wconf 86' lang='lat' dir='ltr'>Nocte</span> <span class='ocrx_word' id='word_1_163' title='bbox 649 3281 714 3323; x_wconf 90' lang='lat' dir='ltr'>non</span> <span class='ocrx_word' id='word_1_164' title='bbox 735 3284 796 3323; x_wconf 83' lang='lat' dir='ltr'>uns</span> <span class='ocrx_word' id='word_1_165' title='bbox 816 3263 950 3326; x_wconf 83' lang='lat' dir='ltr'>obrutus</span> 
     </span>
     <span class='ocr_line' id='line_1_29' title="bbox 120 3360 909 3445; baseline 0.003 -23"><span class='ocrx_word' id='word_1_166' title='bbox 120 3360 275 3422; x_wconf 78' lang='lat' dir='ltr'>Liberior</span> <span class='ocrx_word' id='word_1_167' title='bbox 297 3360 367 3422; x_wconf 89' lang='lat' dir='ltr'>illic</span> <span class='ocrx_word' id='word_1_168' title='bbox 389 3363 564 3443; x_wconf 88' lang='lat' dir='ltr'>questubus</span> <span class='ocrx_word' id='word_1_169' title='bbox 585 3361 682 3425; x_wconf 80' lang='lat' dir='ltr'>vitam</span> <span class='ocrx_word' id='word_1_170' title='bbox 704 3362 839 3445; x_wconf 79' lang='lat' dir='ltr'>exigam,</span> <span class='ocrx_word' id='word_1_171' title='bbox 905 3375 909 3383; x_wconf 89' lang='lat'>&#39;</span> 
     </span>
     <span class='ocr_line' id='line_1_30' title="bbox 121 3458 825 3544; baseline -0.001 -19"><span class='ocrx_word' id='word_1_172' title='bbox 121 3465 173 3525; x_wconf 91' lang='lat' dir='ltr'>Et&#39;</span> <span class='ocrx_word' id='word_1_173' title='bbox 186 3462 269 3525; x_wconf 86' lang='lat' dir='ltr'>iusta</span> <span class='ocrx_word' id='word_1_174' title='bbox 291 3458 422 3544; x_wconf 79' lang='lat' dir='ltr'>genitur</span> <span class='ocrx_word' id='word_1_175' title='bbox 444 3461 558 3524; x_wconf 88' lang='lat' dir='ltr'>liberis</span> <span class='ocrx_word' id='word_1_176' title='bbox 581 3462 699 3526; x_wconf 80' lang='lat' dir='ltr'>solvam</span> <span class='ocrx_word' id='word_1_177' title='bbox 721 3463 825 3525; x_wconf 84' lang='lat' dir='ltr'>tribus</span> 
     </span>
     <span class='ocr_line' id='line_1_31' title="bbox 68 3563 900 3686; baseline 0.002 -60"><span class='ocrx_word' id='word_1_178' title='bbox 68 3574 104 3626; x_wconf 74' lang='lat'>40</span> <span class='ocrx_word' id='word_1_179' title='bbox 124 3566 248 3628; x_wconf 77' lang='lat' dir='ltr'>Forsan</span> <span class='ocrx_word' id='word_1_180' title='bbox 268 3563 457 3645; x_wconf 80' lang='lat' dir='ltr'>inhumatis3</span> <span class='ocrx_word' id='word_1_181' title='bbox 481 3563 635 3644; x_wconf 83' lang='lat' dir='ltr'>lacrymas</span> <span class='ocrx_word' id='word_1_182' title='bbox 657 3563 742 3626; x_wconf 86' lang='lat' dir='ltr'>oculi</span> <span class='ocrx_word' id='word_1_183' title='bbox 762 3577 882 3686; x_wconf 63' lang='lat' dir='ltr'>negpnt</span> <span class='ocrx_word' id='word_1_184' title='bbox 889 3586 900 3646; x_wconf 84' lang='lat'>3</span> 
     </span>
    </p>
   </div>
   <div class='ocr_carea' id='block_1_3' title="bbox 792 3665 811 3732">
    <p class='ocr_par' dir='ltr' id='par_1_3' title="bbox 792 3665 811 3732">
     <span class='ocr_line' id='line_1_32' title="bbox 792 3665 811 3732; baseline 0 0"><span class='ocrx_word' id='word_1_185' title='bbox 792 3665 811 3732; x_wconf 84' lang='grc'><strong>9</strong></span> 
     </span>
    </p>
   </div>
   <div class='ocr_carea' id='block_1_4' title="bbox 0 0 1182 4282">
    <p class='ocr_par' dir='ltr' id='par_1_4' title="bbox 0 0 1182 4282">
     <span class='ocr_line' id='line_1_33' title="bbox 0 0 1182 4282; baseline 0 2"><span class='ocrx_word' id='word_1_186' title='bbox 0 0 1182 4282; x_wconf 95' lang='lat' dir='ltr'> </span> 
     </span>
    </p>
   </div>
  </div>
 </body>
</html>
