2356 4282
424 1450 539 1515 Actus
576 1453 739 1530 prunus.

121 1634 184 1698 Ios.
205 1637 343 1697 Rursum
366 1632 471 1718 fugata
492 1647 585 1696 nocte
605 1634 782 1697 formosum
805 1646 899 1715 caput

123 1738 179 1801 Sol
199 1734 320 1820 promit
342 1734 425 1810 orbi,
449 1735 551 1819 qualis
572 1755 591 1796 e
610 1734 748 1798 thalamo
769 1753 871 1798 novus

123 1837 234 1922 Surgit
253 1835 386 1899 maritus
410 1849 498 1899 veste
518 1856 662 1919 purpura
682 1834 800 1897 nitens.

122 1939 204 2000 Dies
224 1957 398 1999 recurrens
421 1937 494 2021 lege
518 1935 737 2021 praescriptae
760 1934 842 2000 vicis

88 2057 103 2106 5
122 2040 294 2102 Dominum
317 2037 449 2100 fatetur:
473 2053 506 2101 et
526 2037 632 2099 datum
652 2035 744 2097 cerni
765 2034 858 2097 iubar

124 2137 220 2201 Omni
242 2138 343 2201 ebore
365 2151 397 2199 et
418 2160 496 2201 auro
517 2137 638 2200 rectius
659 2150 814 2200 monstrat
833 2134 949 2210 Deum,

122 2238 354 2324 Intelligendae
376 2238 457 2301 lucis
478 2238 672 2302 habitantem
691 2238 827 2322 plagam.

122 2340 265 2403 Rediere
285 2339 407 2423 pariter
428 2360 503 2402 cura
527 2355 559 2403 et
579 2338 712 2401 immitis
734 2338 842 2401 labor:

124 2440 283 2523 'santique
303 2441 398 2524 regni
419 2438 572 2524 quicquid
595 2463 613 2500 a
633 2444 747 2500 Meroe
769 2438 852 2500 iacet

73 2550 105 2604 1⁰
124 2540 275 2624 Adusque
298 2539 395 2613 littus,
419 2536 562 2600 brachiis
585 2536 741 2623 quicquid
762 2539 828 2602 suis

123 2639 247 2704 Definit
268 2640 379 2716 amnis,
406 2637 462 2701 itte
481 2639 649 2702 caelitibus
672 2660 730 2702 uuo

124 2741 153 2802 A
175 2740 264 2805 fonte
288 2755 391 2816 notus,
413 2739 513 2804 corde
535 2739 674 2803 sollicito
696 2739 795 2804 sedet.

124 2842 260 2905 Miretur
281 2842 361 2905 aliua
383 2863 461 2926 quas
483 2842 572 2904 dedit
592 2841 734 2904 Libanus
754 2842 872 2917 trabes,

124 2943 320 3028 Maculisque
344 2943 467 3006 varium
488 2965 629 3006 marmor
650 2958 683 3007 et
704 2943 799 3007 silvas
821 2943 920 3018 domi,

74 3053 106 3106 15
124 3043 164 3104 Et
183 3058 253 3106 arte
275 3044 375 3106 factas
395 3058 442 3108 tot
463 3044 571 3127 dapes,
594 3060 627 3108 et
646 3044 784 3128 piscium

125 3146 235 3227 Ignota
256 3144 330 3209 Nilo
353 3166 483 3231 genera,
506 3160 539 3210 et
559 3168 575 3209 a
597 3145 705 3208 medio
728 3144 781 3207 die

127 3245 217 3340 Quae
239 3267 357 3310 nomeu
380 3247 475 3310 etiam
497 3267 581 3310 nuuc
602 3246 667 3310 eibi
689 3261 847 3331 quaerunt
868 3245 965 3318 ferae,

195 3525 230 3577 V.
249 3529 274 3580 9.
307 3525 419 3599 Meroe,
437 3524 530 3581 insula
545 3523 599 3581 Nili
615 3524 644 3578 in
660 3522 825 3596 Aethiopia,
844 3522 908 3578 finio
925 3519 1048 3597 Aegypti

128 3607 157 3661 in
174 3606 334 3664 meridiem.
