2356 4282
131 435 171 508 ifi
452 496 456 502 .
521 440 668 509 Penni

197 605 285 704 Quid
307 621 378 670 ante
399 606 537 671 domitos
558 607 644 670 aliud
665 606 803 670 icatidas
826 605 927 682 labin,

199 709 302 808 Quam
324 724 358 772 ut
379 710 464 774 liber
485 715 582 790 emet,
600 708 720 793 petiit?
741 711 815 772 Hoc
836 709 919 771 votis
942 706 1050 771 datum
1066 720 1126 770 eat.

146 808 180 861 2⁰
196 811 328 876 'l'ributa
351 811 448 877 desiit
469 813 576 895 ferre3
602 812 815 875 dominantem
838 811 956 874 excutit

198 915 414 981 chananaeus.
458 914 544 979 ltine
566 934 640 999 spec
662 915 779 977 maiore
802 915 907 998 ipsum
929 913 1027 976 liberi

197 1019 415 1104 Aggredimur
433 1015 570 1098 hostem.
602 1017 768 1085 Vincimus
776 1039 786 1099 3
811 1031 938 1101 turpem
959 1017 1066 1080 vicem

197 1122 393 1185 Referimus.
438 1101 535 1205 diruit
557 1133 652 1206 gente
673 1119 725 1182 bia
747 1141 822 1183 seua
844 1141 919 1181 suos

198 1222 322 1286 Sisaras
352 1223 540 1305 triumphos·
589 1220 654 1286 Sed
681 1243 786 1308 neque
807 1222 870 1285 hoc
892 1220 964 1306 regi
992 1237 1041 1285 eat
1069 1239 1129 1287 est.

147 1326 180 1380 ²5
197 1325 326 1391 inferre
347 1323 445 1413 gestit
467 1346 570 1396 arma:
597 1324 719 1390 vicinas
741 1326 843 1408 quatit

198 1428 367 1494 Violentus
390 1427 498 1492 urbes.
543 1427 667 1491 Summa
689 1443 756 1491 tum
776 1428 843 1492 voti
864 1427 958 1490 Moab

201 1531 401 1615 Ammonque
424 1531 520 1593 visus.
558 1531 709 1594 Moabum
735 1544 769 1593 et
792 1531 980 1592 Ammonem
1001 1527 1125 1593 adiicit.

196 1635 311 1717 Neque
331 1633 394 1699 hoc
414 1633 544 1719 quidem
567 1646 733 1702 contentus
741 1654 751 1714 3
775 1653 852 1695 ecce
874 1631 960 1696 aliud
979 1648 1074 1718 parat
1082 1655 1092 1714 3

198 1737 287 1799 Nova
309 1758 409 1821 regna
430 1736 521 1799 ferro
545 1735 679 1822 quaerit.
722 1735 859 1800 Accedit
881 1733 973 1799 ferax

146 1844 181 1897 ³0
200 1838 297 1913 Votis,
315 1838 434 1900 {dume
478 1842 556 1901 Post
577 1837 807 1901 Philisthaeum
830 1837 957 1922 oppidis

197 1939 282 2002 Male
306 1939 447 2025 quinque
470 1953 589 2002 tectum
612 1939 742 2003 invadit.
786 1942 856 2002 Hac
878 1941 987 2002 saltem
1002 1953 1098 2005 tenus

197 2041 302 2105 Invisa
324 2042 436 2107 sistant
454 2041 549 2105 bella.
596 2040 662 2105 Sed
685 2043 816 2128 gravior
836 2040 923 2105 redit

195 2143 330 2208 Iudaeus
354 2146 479 2223 iterum,
512 2166 656 2231 quaeque
677 2168 851 2231 perpessus
873 2145 930 2208 diu
950 2160 1008 2221 est,

197 2247 336 2331 Imperia
358 2249 465 2312 subito
488 2249 605 2311 renuit.
649 2248 720 2311 Ah!
743 2264 849 2315 metuo
872 2249 981 2324 miser,

145 2362 179 2417 ³5
198 2352 272 2446 Quo
293 2353 357 2417 fata
376 2367 510 2439 vergant
517 2372 528 2433 3
556 2351 653 2417 dubia
675 2374 739 2438 quo
762 2374 833 2416 sese
857 2353 995 2436 explicet

197 2453 350 2517 Fortuna.
373 2456 441 2517 Nec
461 2453 551 2541 quod
573 2454 689 2539 opibus
711 2469 764 2518 aut
785 2475 919 2517 numero
939 2454 1046 2517 minor

196 2559 233 2621 In
253 2578 312 2619 uos
335 2557 568 2633 rebellatum
589 2557 693 2620 minus
717 2577 825 2621 secum
846 2554 945 2620 trahit

198 2659 278 2723 Sors
299 2659 379 2724 haec
402 2659 538 2725 timoris.
586 2654 699 2724 Martia
721 2680 839 2745 anceps
861 2661 930 2722 olea
952 2673 1010 2723 est.

196 2763 263 2824 Nec
286 2784 414 2845 semper
436 2761 552 2825 iisdem
573 2762 709 2826 infestus
731 2777 783 2826 aut
804 2761 920 2824 iisdem
941 2761 1053 2826 favens

151 2877 186 2931 to
202 2864 335 2926 Alterna
356 2863 464 2943 reddit
487 2863 609 2930 damna.
654 2864 774 2932 Vicere
796 2878 887 2926 antea

196 2958 334 3030 Posthac
357 2958 495 3053 subacti.
532 2966 623 3031 Bella
645 2986 729 3030 nunc
753 2983 904 3051 reparant
924 2981 1006 3047 statu

198 3060 380 3163 Ciaudenda
401 3064 511 3135 forsan
530 3056 760 3156 pristiuot'eut
781 3064 931 3157 quidnam
952 3074 1027 3134 rear

198 3247 403 3260 m

143 3342 156 3366 '⁸
263 3348 304 3412 V.
327 3350 368 3411 18.
384 3347 503 3419 tethin,
528 3366 579 3406 rex
597 3348 792 3418 chananeam,
819 3349 901 3406 cuius
922 3350 982 3407 dux
1000 3350 1125 3407 militum

196 3435 315 3494 Sinarus.
351 3436 387 3495 cf.
405 3437 468 3496 tud.
490 3444 516 3504 t,
535 3443 560 3494 2.
585 3511 588 3515 ι

262 3525 299 3582 V·
318 3528 361 3582 2³.
382 3523 419 3580 cf.
436 3526 499 3580 Ant.
518 3525 539 3578 I.
559 3524 601 3579 ⁴⁰.

264 3613 301 3672 V.
323 3617 363 3672 30.
384 3609 527 3668 Idumaea.
