2356 4282
100 460 160 528 140
496 463 617 525 Gnoru

110 634 143 688 20
162 632 318 694 Cruentus
342 632 601 716 error‘perdidit
619 647 737 695 tantum
760 633 862 695 nefas.

161 734 294 795 Centum
316 756 377 818 per
400 736 513 797 orbem
536 734 682 818 cognitus
704 734 869 798 miraculis

160 837 288 897 Patrem
309 837 456 917 probavi.
479 836 579 900 Livor
601 835 770 900 adversum
792 837 884 913 furit,

159 938 200 997 Et
222 936 291 1019 ipsa
315 936 415 998 virtus
435 937 527 1017 peius
548 937 681 999 Herode
702 952 806 1000 nocet.

158 1040 266 1112 Pater,
289 1037 367 1121 quid
388 1037 496 1099 istud?
520 1059 647 1120 semper
671 1060 829 1122 agnoscor
850 1055 933 1117 tuus,

107 1141 139 1195 ²5
159 1141 294 1222 Semper
313 1160 457 1201 recusor.
483 1142 582 1200 Persa
604 1161 655 1201 me
678 1141 777 1202 coluit
797 1162 918 1225 magus,

157 1244 200 1304 Et
223 1255 296 1304 ante
318 1261 434 1325 parvos
456 1240 552 1302 iacuit
573 1240 705 1302 infantis
725 1240 836 1324 pedes,

157 1344 285 1428 Suoque
310 1344 448 1405 Mithrae
471 1343 622 1425 praetulit
643 1342 729 1404 sidus
751 1365 865 1405 meum.

157 1446 199 1506 At
221 1445 398 1507 Abrahami
421 1465 500 1528 gens
523 1445 561 1506 ab
584 1445 724 1507 aeternis
745 1444 805 1505 tibi

157 1548 306 1630 Seposita
329 1547 453 1621 saeclis,
478 1546 649 1630 priscaque
671 1544 828 1607 lsacidum
850 1545 963 1608 domus

104 1654 138 1707 30
156 1649 306 1710 Excussit
327 1669 452 1710 omnem
474 1663 580 1708 mente
604 1646 758 1730 degeneri
782 1650 897 1710 Deum.

155 1751 241 1812 Hinc
264 1765 465 1812 contumaces
487 1748 570 1811 bella
590 1749 756 1810 Pharisaei
778 1765 909 1813 movent

154 1853 276 1913 Pietate
298 1851 392 1913 fallax
413 1850 522 1914 turba:
546 1864 577 1913 at
597 1850 675 1912 hinc
695 1851 729 1910 in
750 1871 801 1914 me
822 1851 921 1915 trahit

154 1957 276 2037 Legum
297 1953 467 2034 magistros
489 1951 559 2014 dira
580 1949 767 2035 pontificum
789 1951 927 2018 cohors:

155 2056 249 2117 lllinc
269 2055 401 2138 profani
421 2069 507 2118 secta
528 2054 644 2116 Sadoci
665 2054 770 2116 minax

102 2161 135 2215 ³5
153 2158 284 2240 Regalis
306 2158 395 2219 aulae
417 2178 559 2240 purpura
581 2153 719 2219 invisum
741 2156 870 2239 premit.

153 2258 246 2319 Fidei
268 2258 346 2342 quid
366 2259 449 2320 ultra
472 2256 592 2320 restat?
615 2255 655 2317 ad
677 2271 770 2319 nutus
792 2279 882 2322 meos

152 2364 270 2421 Natura
292 2380 400 2421 rerum
423 2361 520 2422 cessit
543 2374 575 2421 et
597 2359 680 2421 fassa
704 2373 752 2422 est
772 2361 890 2423 Deum.

153 2461 263 2523 Undae
287 2461 437 2544 liquentis
461 2460 572 2522 ebrios
592 2476 685 2543 potus
707 2461 791 2522 bibit

153 2565 293 2627 Galilaea
316 2563 429 2646 pubes,
452 2562 562 2645 depuli
585 2564 719 2626 alienam
741 2563 878 2646 famem3

100 2687 134 2744 40
153 2673 255 2729 Meam
279 2667 410 2749 subegi:
434 2667 551 2750 bisque
573 2666 705 2729 vicenos
727 2667 797 2730 dies

152 2769 260 2829 leiuna
282 2767 378 2828 nullis
400 2788 456 2828 ora
479 2768 597 2831 violavi
619 2768 712 2830 cibis.

152 2873 239 2932 Inter
262 2882 406 2930 secantes
429 2867 560 2930 dextera
583 2871 687 2931 crevit
710 2873 828 2934 Ceres:

151 2971 285 3031 Satiatus
308 2969 423 3051 ingens
444 2971 591 3052 populus,
616 2986 648 3032 et
670 2985 736 3034 toto
759 2986 863 3035 tamen

150 3074 225 3134 Plus
249 3085 281 3133 et
302 3071 469 3149 relietum3
493 3068 592 3132 flabra
615 3074 806 3154 compressit
826 3090 931 3151 notus,

97 3169 134 3222 45
153 3176 194 3236 Et
215 3173 385 3236 aestuantis
410 3172 456 3233 ira
479 3172 635 3236 detumuit
656 3174 744 3237 freti.

151 3332 359 3345 ——ss

217 3421 250 3473 V·
270 3423 312 3473 27.
334 3417 457 3472 Mithres
476 3436 618 3474 summum
638 3423 795 3476 Persarum
814 3439 931 3482 numen.
949 3421 1009 3478 sot.

216 3513 250 3666 {b
276 3517 317 3570 34.
334 3512 438 3568 Sadoci
457 3526 533 3570 secta
555 3516 573 3569 i.
594 3534 622 3590 q.
642 3517 857 3573 saducaeorum
883 3518 923 3586 (h.
943 3535 968 3573 e.
987 3519 1065 3572 lusto·

148 3614 222 3652 rum.
