2356 4282
104 451 167 523 148
501 452 622 516 Gnorn

168 623 240 686 Non
261 619 356 699 redit,
379 643 567 709 quamquam
588 625 699 708 iugulo
720 623 830 707 petita.

167 729 247 790 Pars
269 740 358 790 tenet
378 728 462 790 Batti
484 727 610 789 steriles
634 748 756 801 arenas,

169 828 328 912 Corniger
350 843 464 912 gentes
485 828 542 891 ubi
564 829 648 893 fallit
669 830 825 892 Ammon:

99 936 149 990 225
167 934 256 1007 Pars,
281 929 338 992 uhi
360 930 426 993 Nili
448 934 589 994 Macetes
611 930 651 994 ad
677 954 802 995 amnem

167 1033 282 1101 Victor
304 1053 437 1095 aurorae
461 1032 563 1111 stetit3
584 1055 624 1094 an
646 1032 759 1096 tacebo

169 1137 342 1199 carcerem
363 1135 467 1199 nostri
490 1137 620 1220 generis
640 1150 799 1200 vetustum

170 1238 285 1301 Coctili
307 1239 442 1301 cinctam
462 1238 627 1319 Balyloua
649 1261 752 1314 muro,

168 1341 259 1404 Culta
280 1341 333 1405 vel
356 1340 465 1414 Tauri,
490 1338 693 1404 dominumve
717 1339 876 1422 Tybrim‘l

99 1453 151 1507 230
169 1443 324 1538 Quisquis
346 1442 485 1506 extorris
509 1442 629 1505 deeora
651 1444 710 1505 alta
734 1442 839 1526 gentis

167 1545 277 1608 Nescit
300 1544 428 1621 oblitus,
454 1565 559 1629 noque
581 1545 683 1607 saecla
706 1543 834 1608 confert

168 1650 350 1720 Immemor,
371 1648 466 1731 longa
487 1647 569 1709 mala
589 1647 693 1710 mollit
714 1668 782 1708 usu.

168 1749 285 1811 Iustius
306 1763 425 1812 sortem
449 1750 595 1833 queritur
615 1749 795 1834 malignam,

170 1852 236 1946 Qui
257 1851 343 1914 domi
365 1852 482 1932 servit3
508 1852 644 1915 miserae
666 1866 811 1915 tenemus

103 1967 153 2023 235
172 1957 308 2038 Semper
329 1955 519 2039 Aegyptum,
540 1954 740 2039 patriamque
760 1973 932 2038 nunquam.

238 2257 276 2312 V.
293 2261 350 2311 222.
370 2253 475 2327 Iugulo
493 2253 520 2306 h.
539 2269 564 2306 e.
582 2252 706 2308 victima.

238 2353 273 2407 V·
295 2355 351 2407 223.
369 2351 477 2413 Battus,
503 2348 678 2419 Polymnesti
703 2348 789 2419 filius,
818 2365 852 2403 ex
881 2347 1003 2403 oraculo
1028 2344 1084 2402 Del·

171 2436 257 2510 phico
276 2435 419 2490 coloniam
437 2436 467 2489 in
484 2434 605 2506 Libyam
624 2433 749 2489 deduxit.

240 2533 277 2587 V.
291 2538 349 2589 225.
362 2528 785 2587 Maeetessc.AlexanderM.
804 2529 924 2585 victor
941 2543 1086 2586 aurorae

171 2618 189 2678 i.
207 2635 231 2672 e.
251 2617 377 2681 orientis,
397 2615 531 2672 eonditor
548 2615 739 2671 Alexandriae
757 2616 848 2675 urbis.

241 2718 275 2770 V·
296 2720 354 2771 229.
384 2713 467 2768 Culta
484 2710 574 2765 Tauri
594 2729 632 2767 se.
652 2711 700 2765 vel
718 2712 780 2765 Beli
798 2711 1026 2783 Babyloniorum
1048 2711 1088 2767 vel

172 2798 244 2874 Apis
262 2799 473 2874 Aegyptiorum
490 2797 538 2852 vel
555 2797 683 2853 Moloohi
700 2797 938 2855 Ammonitarum.
