2356 4282
147 467 208 536 182
545 466 669 528 Gnonu

145 636 278 698 3401114
299 637 354 720 qui
374 637 498 721 pelagis
520 635 607 720 quod
629 634 715 700 feret
735 633 866 699 omnia?

215 740 390 820 Supremos
412 738 540 799 cineres
561 737 633 821 quis
654 737 736 799 ciuis
758 736 909 800 hauriet?

215 839 438 934 Quodcunque
462 853 510 900 est
533 839 661 900 solitum
682 838 769 922 qnod
789 854 886 904 uorat
908 837 1070 912 ordinem,

211 945 283 1005 Non
304 954 353 1003 est
373 941 437 1004 hoc
459 941 610 1016 hominio,
637 961 703 1002 non
725 941 838 1023 populi
860 942 993 1004 malum:

214 1047 277 1107 Aut
297 1043 433 1105 mundus
455 1043 574 1126 patitur
593 1043 686 1105 triste
708 1043 899 1125 periculum,

145 1153 193 1207 345
212 1146 276 1206 Aut
296 1143 406 1205 mundi
429 1142 585 1205 (lominus.
608 1146 732 1204 Rursus
754 1163 793 1205 an
815 1143 914 1228 impin

214 1247 363 1308 Titanum
385 1243 493 1306 rabies
514 1244 647 1304 fulmina
668 1245 847 1327 provocat?
1010 1232 1014 1237 ⁸

213 1350 265 1408 An
287 1346 432 1427 Pythone
453 1345 569 1407 malurn
592 1346 717 1408 saevius
738 1347 866 1422 exstitit,

213 1451 422 1530 Lernaeaque
446 1447 545 1509 draco
566 1460 658 1529 peste
680 1445 826 1510 feracior

216 1551 315 1613 Coelo
335 1550 485 1632 vipereas
507 1547 658 1632 opposuit
680 1548 804 1611 minas?

148 1659 198 1712 350
215 1652 336 1735 Ecquis
356 1671 441 1712 nunc
462 1650 566 1733 patrio
588 1647 684 1711 fletur
705 1650 739 1710 iu
759 1650 891 1714 aethere

215 1757 351 1816 Pressus
372 1764 474 1813 morte
497 1753 586 1812 Deus
606 1750 784 1834 progenies
805 1753 879 1829 Dei,

215 1857 381 1916 Donatore
403 1853 487 1914 mori
508 1853 631 1936 largior
653 1853 739 1916 Euio

214 1960 446 2018 Prosternente
469 1953 556 2016 feras
578 1953 697 2016 fortior
717 1956 871 2028 Hercule,

215 2061 345 2119 intonso
368 2056 511 2117 medicus
531 2055 634 2117 maior
655 2055 829 2137 Apolline?

148 2171 197 2225 355
215 2159 316 2222 Nobis
335 2158 510 2242 praecipue
532 2178 597 2218 nox
620 2159 725 2241 gravis
748 2155 887 2221 incubat.

215 2262 332 2323 Gratus
355 2260 475 2342 quippe
497 2262 569 2321 Deo
592 2259 721 2342 sanguis
744 2272 777 2320 et
798 2259 954 2321 innocens

214 2363 275 2424 His
297 2360 432 2423 fluxisse
455 2361 536 2423 locis
558 2359 722 2440 creditur3
745 2359 808 2422 hoo
830 2360 892 2423 fuit

215 2463 313 2558 Quod
333 2463 426 2526 tellus
451 2461 592 2553 tremuit,
612 2460 699 2545 quod
719 2461 834 2544 puduit
856 2461 952 2525 diem.

216 2569 259 2628 At
280 2581 315 2629 tu
335 2585 455 2626 summe
469 2563 594 2648 lpareno
617 2563 758 2626 aetheris
780 2563 905 2642 artifex,

146 2667 197 2724 360
213 2671 313 2730 iratus
334 2667 432 2742 vitiis,
453 2686 514 2729 nec
534 2664 661 2748 rigidus
682 2680 789 2728 tamen

215 2768 389 2831 Confessos
408 2769 503 2830 venia
524 2769 650 2849 pellere
672 2756 845 2849 supplices,

214 2869 354 2932 Humani
375 2869 505 2952 generis
527 2868 663 2930 crimine
684 2866 846 2950 perditum

281 3083 315 3136 V.
335 3085 395 3136 340.
422 3081 457 3132 Η.
478 3095 503 3133 e.
522 3077 669 3150 quomodo
687 3077 744 3133 ibit
760 3075 868 3151 pelagis
888 3074 1048 3140 continens,
1067 3087 1135 3149 qnae

149 3192 154 3201 ι
214 3166 295 3223 ferre
314 3166 410 3221 omnia
427 3164 524 3220 debet.
852 3213 855 3217 ,

283 3255 321 3308 V.
341 3259 398 3310 347.
421 3252 535 3324 Python
559 3267 678 3323 serpena
701 3259 783 3304 natus
809 3242 843 3304 ex
865 3248 1022 3323 putredine
1046 3258 1139 3303 terrac

213 3348 282 3411 post
300 3337 442 3392 diluvium
458 3337 641 3392 Deucalionis
663 3335 758 3405 (ovid.
778 3336 847 3390 Met.
866 3336 890 3404 1,
907 3338 982 3404 438),
1004 3351 1093 3407 quem
1114 3333 1141 3386 in

214 3426 340 3479 Parnaco
358 3435 455 3479 monte
474 3423 581 3496 Apollo
598 3422 742 3494 (Pythius)
761 3419 1040 3496 tagittlsinte'rl'ecit
1060 3423 1141 3476 Hom.

215 3512 315 3579 Hymn.
334 3507 365 3562 in
384 3510 481 3580 Apoll.
501 3516 560 3568 ³00·
579 3513 638 3566 372.
821 3586 824 3591 Ι

284 3597 318 3650 V.
337 3600 397 3652 354.
422 3593 529 3668 Apollo
555 3593 691 3650 inventor
717 3591 784 3650 artic
807 3589 945 3650 medicae.
974 3591 1045 3648 Eius
1071 3591 1142 3647 filius

214 3679 411 3752 Aesculapius.
