2356 4282
430 1428 546 1490 Actus
584 1429 747 1504 primus.

544 1612 634 1663 Iesus.

169 1753 199 1817 Ο
222 1756 278 1838 qui
300 1755 426 1819 suturae
449 1757 546 1820 sortis
569 1759 723 1819 immense
744 1756 867 1819 arbiter

126 1859 249 1917 Rerum
270 1872 404 1939 potente
427 1858 489 1920 fata
510 1860 636 1921 moliris
657 1881 761 1932 manu,

129 1959 285 2039 Supremo
307 1959 416 2020 mundi
438 1962 577 2044 genitor,
601 1975 632 2022 et
655 1961 782 2044 genitor
804 1980 904 2034 meus,

127 2059 247 2121 Mundo
268 2060 401 2143 prioris,
423 2063 527 2123 onmia
549 2064 682 2147 aequavi
703 2064 857 2125 haetenus

91 2161 264 2242 5lmperia
285 2160 395 2223 factis:
423 2162 450 2223 si
473 2163 551 2246 quid
573 2165 708 2226 ulterius
731 2163 832 2237 iubes,

126 2264 260 2325 Paratus
287 2277 372 2326 asto:
397 2278 510 2326 cuncta
532 2286 613 2349 quae
635 2266 734 2329 timeo
756 2265 876 2328 fer-ame

126 2368 197 2426 Hae
218 2365 291 2448 lege
313 2365 402 2427 reni.
427 2367 531 2462 Quem
554 2382 658 2429 tamen
677 2366 773 2429 finem
796 2366 888 2450 gravi

129 2466 245 2527 Statuis
266 2465 394 2527 labori?
416 2468 507 2530 Nulla
529 2488 580 2528 me
601 2467 683 2529 vidit
703 2467 772 2529 dies

127 2567 262 2628 Secura:
286 2568 389 2630 erevit
410 2568 480 2651 ipse
502 2567 576 2628 dum
598 2569 702 2629 fertur
724 2567 824 2642 labos,

80 2680 109 2734 10
128 2668 277 2752 Maluque
298 2670 398 2751 patuit
420 2689 549 2751 semper
570 2669 605 2729 in
624 2668 717 2751 peius
738 2669 801 2733 ria.

127 2773 264 2832 Paterna
287 2771 400 2831 summi
419 2771 538 2853 templa
560 2769 690 2833 deserui
712 2769 867 2844 aetheris,

127 2877 195 2936 Nec
217 2886 307 2933 natus
328 2873 411 2948 exul,
441 2894 616 2957 pauperem
635 2874 741 2956 pressi
763 2891 866 2934 casam

129 2974 316 3057 Stabulique
337 2975 442 3057 prima
463 2976 566 3056 turpis
587 2973 778 3038 incunabula

127 3076 211 3138 Mala
234 3089 327 3137 nutus
349 3075 471 3137 infans:
494 3097 624 3158 parvus,
647 3074 770 3148 infelix,
794 3075 894 3137 miser

80 3181 109 3235 15
130 3180 194 3238 Iam
216 3175 331 3260 dignus
353 3177 455 3238 hostis
478 3198 556 3260 rege
578 3177 694 3238 Iudaeo
716 3176 773 3237 fui.

127 3276 275 3340 Nondum
298 3299 396 3337 annus
419 3279 499 3340 alter
522 3279 612 3351 ierat,
635 3279 728 3339 aetati
750 3297 872 3360 parum,

125 3378 267 3441 Nimium
287 3391 420 3459 tyranno
427 3398 437 3457 3
460 3378 549 3439 dirus
569 3377 740 3458 Ephratias
761 3397 860 3438 nurus

128 3479 265 3544 Orbavit
286 3479 388 3542 eneis:
410 3479 502 3543 turba
522 3499 697 3562 puerorum
721 3478 816 3550 cadit,

127 3580 212 3642 Dum
235 3599 373 3663 quaeror
394 3601 485 3655 unua,
508 3599 623 3664 meque
646 3577 768 3663 dilapso
791 3577 866 3664 fuga
