2356 4282
497 441 668 515 Sunscrts.

117 613 281 697 Excipere
303 626 448 687 mortem,
470 626 581 696 pectus
603 611 772 675 adversum
793 612 875 688 date,

118 716 218 777 Ferte
241 736 326 776 erma
348 714 381 774 in
402 714 546 794 hostem3
573 715 620 776 sic
642 714 741 776 miser
763 714 883 777 frustra
907 738 981 779 suos

117 815 310 898 Increpitet:
335 815 381 877 illi
404 814 501 878 densa
522 837 584 896 per
603 837 768 879 nemorum
793 817 930 900 impigre

119 922 259 980 Dumets
281 930 419 1001 reptant,
443 938 601 1001 quemque
626 940 686 1002 qua
709 917 827 1003 subigit
849 919 954 982 timor.

71 1032 101 1086 85
119 1023 161 1093 Ut
182 1019 294 1082 abesse
318 1019 424 1082 socios
447 1019 526 1084 vidit
549 1034 581 1081 et
601 1019 720 1082 nudum
742 1022 832 1095 latus,

119 1121 289 1184 infremuit
311 1141 434 1186 amens:
458 1138 587 1207 aggerat
607 1123 708 1185 furias
730 1123 834 1199 dolor,

119 1224 238 1287 Furiae
261 1223 425 1304 dolorem3
451 1245 511 1286 nec
533 1225 637 1307 pudor
659 1241 771 1309 turpes
795 1227 872 1288 sinit

121 1327 255 1408 Coptare
278 1325 426 1388 latebras.
473 1328 561 1410 Ergo
584 1349 648 1389 non
669 1327 785 1390 dubius
806 1330 899 1404 mori,

119 1431 186 1490 Per
208 1427 270 1491 tela
293 1441 325 1489 et
347 1449 459 1511 agmen
481 1450 602 1511 pronus
625 1428 792 1491 adversum
815 1431 898 1511 ruit3

71 1537 103 1590 ³0
123 1531 250 1613 Susque
268 1531 432 1593 lacessens
454 1531 525 1605 lata,
549 1531 736 1593 fulmineum
759 1548 842 1597 rotat

121 1633 241 1694 Ensem
261 1632 324 1695 huc
347 1648 380 1696 et
401 1634 487 1708 illuc,
510 1655 635 1718 quaque
658 1635 796 1717 pilorum
820 1656 914 1717 seges

121 1734 316 1818 cuspidibus
337 1736 451 1797 horret
473 1735 616 1810 densior,
639 1757 768 1798 cursum
789 1738 907 1801 incitat.

120 1838 233 1932 Qualis
255 1853 405 1900 cruentus
428 1839 511 1900 inter
534 1839 702 1900 Armenias
725 1840 776 1902 leo

119 1942 312 2023 Deprensus
335 1939 448 2016 hastas,
470 1963 563 2024 asper
586 1955 617 2002 et
640 1941 744 2004 dirum
767 1943 945 2007 infremens

72 2056 101 2108 ta
121 2043 257 2105 Cervice
280 2056 362 2104 totas
386 2044 504 2106 excutit
524 2043 610 2105 fulva
631 2044 732 2120 iubas,

120 2146 304 2229 strictoque
325 2167 409 2209 nunc
430 2147 490 2209 hos
512 2147 617 2222 dente,
641 2169 725 2209 nunc
748 2149 821 2211 illos
845 2152 934 2234 petit.
986 2187 989 2193 ⁴

119 2250 195 2323 Nos,
221 2246 347 2332 quando
370 2248 455 2310 iussa
476 2271 540 2311 non
562 2249 671 2312 sinunt
692 2250 777 2311 aliud
800 2266 859 2329 tua,

119 2351 254 2414 Erimus
275 2365 342 2413 arte
365 2351 506 2426 vulnera,
533 2366 584 2414 aut
607 2351 719 2434 clypeo
740 2353 864 2417 cadunt.

119 2454 255 2517 Miratur
279 2452 348 2536 ipsc
371 2452 501 2537 indigna
525 2468 587 2516 tam
609 2455 712 2517 leutos
733 2459 798 2539 pati

72 2575 102 2627 no
122 2559 256 2638 Impune
280 2552 318 2616 ab
341 2576 415 2629 uno,
439 2556 583 2617 cominus
606 2557 726 2618 nullum
750 2558 812 2620 sibi

120 2661 303 2721 Conserere
326 2656 488 2737 dextram3
514 2657 652 2742 dumque
675 2659 816 2722 violento
840 2661 1010 2724 imminens

120 2761 247 2822 Furore
269 2759 302 2818 in
327 2758 422 2820 ictum
446 2759 557 2842 surgit,
585 2759 746 2844 ingentem
769 2762 923 2844 impetum

120 2861 285 2943 Aereique
307 2860 452 2942 triplices
473 2882 537 2921 non
557 2859 667 2922 ferens
690 2863 794 2944 clypei
817 2886 921 2925 moras

120 2962 273 3025 Dissiluit
293 2962 390 3034 ensis,
412 2960 517 3024 haesit
539 2962 684 3045 ignotum
706 2964 832 3026 intuens

73 3083 103 3135 05
121 3065 274 3147 Capulum
302 3079 397 3148 atque
427 3063 586 3125 inermem
614 3064 794 3129 dexteram:
827 3084 857 3132 at
879 3072 971 3133 turba
993 3095 1049 3134 un-

121 3169 268 3231 Clamore
291 3168 323 3228 in
347 3189 444 3228 unum
465 3181 530 3230 tota
554 3168 675 3231 sublato
696 3171 781 3232 volat
936 3173 1047 3260 [dique

121 3272 318 3355 Centumqne
342 3269 461 3332 frustra
482 3269 627 3332 manibus
649 3271 803 3335 obnixum
827 3276 955 3357 premit.

118 3373 201 3435 Nat.
223 3374 345 3435 Fecere
368 3372 523 3455 imperata
545 3372 654 3435 militis
676 3374 814 3456 primum
838 3390 885 3437 est
908 3377 1015 3454 decus,

118 3477 190 3537 Non
214 3474 372 3559 quidquid
396 3474 444 3536 ira
468 3474 614 3549 suaserit,
638 3489 760 3536 temere
784 3475 913 3540 obvium

75 3589 104 3643 10
119 3581 283 3653 Truncare
306 3577 414 3641 ferro:
438 3579 552 3642 sistere
576 3578 740 3643 ardentem
762 3579 915 3664 impetum
