2356 4282
100 471 163 539 218
500 477 621 537 Gnorn

116 643 149 695 35
169 642 278 703 Iacere
300 643 333 703 in
355 657 502 725 potentes
523 645 632 718 verba,
656 644 728 705 dum
751 664 870 725 vesper
892 645 970 725 polo

169 741 310 806 Obduoit
334 745 471 819 umbras,
498 744 571 805 dum
593 747 683 808 color
704 745 802 806 rebus
821 745 927 827 perit3

170 844 333 928 Colligere
356 861 474 920 coetus,
501 861 594 931 atque
617 848 662 908 ibi
685 860 811 909 veteres
834 848 928 908 novis

169 947 337 1028 Aggerere
361 947 485 1030 culpas:
510 962 561 1010 aut
583 949 762 1022 mithara,
784 962 818 1010 ut
840 949 914 1030 pios

83 1074 91 1084 ·
168 1047 302 1110 Faciunt
320 1048 480 1123 miseriae
507 1050 645 1131 populus
667 1049 811 1112 adolebat
832 1051 914 1122 Deo,

119 1147 152 1199 40
171 1149 303 1230 Captare
325 1148 458 1211 turbam.
504 1151 608 1244 Quem
635 1151 697 1212 sibi
722 1151 845 1212 esuries
868 1151 1004 1213 modum

169 1252 258 1311 Haeo
282 1249 411 1332 sperat?
433 1251 537 1329 aiunt3
563 1266 712 1314 nostrane
733 1252 795 1313 hoo
814 1251 971 1333 patientia

170 1353 351 1433 Exspectat,
373 1365 407 1413 ut
428 1353 469 1415 sit
490 1373 594 1436 pugna
619 1354 691 1437 quis
712 1354 802 1414 ouius
823 1353 917 1434 prior

168 1452 341 1535 Discerpat
362 1468 458 1528 artus,
484 1470 574 1516 natus
598 1469 632 1515 ut
653 1455 752 1537 patris
776 1474 854 1518 veru

169 1555 339 1637 Coquatur,
364 1569 457 1639 atque
480 1554 591 1616 redeat
612 1555 644 1615 in
665 1570 798 1616 matrem
820 1554 927 1636 puer?

119 1659 150 1710 45
169 1656 346 1717 Potentiam
369 1655 511 1717 timetis?
531 1657 611 1718 haec
631 1656 713 1717 nihil
736 1671 794 1730 est,
821 1656 885 1716 nisi

169 1761 263 1819 Inane
286 1779 411 1833 nomen,
440 1756 525 1841 quod
548 1759 632 1840 parit
654 1779 770 1840 segnes
791 1778 901 1840 pavor.

169 1857 361 1950 Quiounque
383 1872 485 1921 terret
508 1859 660 1942 singulos,
683 1874 814 1921 cunctos
835 1859 938 1920 timet.

168 1962 258 2020 Haec
281 1959 417 2043 quisque
440 1961 539 2020 semel
561 1958 675 2034 andita,
703 1981 831 2044 quoquo
853 1959 1041 2036 advenerat,

168 2059 301 2121 Profert
322 2076 353 2122 et
375 2076 477 2144 auget.
522 2063 625 2122 Parva
646 2082 720 2142 pars
739 2061 778 2120 ad
799 2075 830 2122 te
852 2082 973 2143 preces

119 2169 153 2219 50
172 2163 308 2223 Suasere
333 2162 426 2236 mitti,
451 2162 534 2224 victa
557 2182 692 2245 quornm
713 2163 892 2224 auctoritas.

168 2265 247 2324 Pars
268 2284 379 2346 magna
401 2276 435 2324 ut
457 2278 566 2324 oestro
589 2276 667 2324 taeta
688 2265 759 2343 plus
780 2264 964 2325 motoribus

169 2365 288 2426 Insanit
309 2365 397 2446 ipsis.
446 2368 567 2446 Impetu
588 2378 705 2446 quanto
728 2379 822 2424 ruunt

168 2469 233 2527 Per
254 2466 348 2526 inane
371 2466 469 2538 venti,
496 2464 612 2526 montis
636 2476 667 2524 et
688 2467 774 2546 rupti
796 2466 874 2526 latus

169 2571 296 2639 lactant,
321 2580 352 2626 et
374 2567 433 2626 alta
456 2565 575 2628 robora
597 2565 759 2626 excutiunt
781 2568 864 2628 solo:

116 2680 149 2729 55
170 2669 227 2730 sic
250 2668 438 2751 conglobata
463 2667 586 2749 rapitur
610 2667 744 2748 agrestis
769 2667 898 2741 cohors,

169 2771 271 2832 Sudes
294 2773 459 2853 praeustas
482 2791 618 2853 saxaque
640 2785 673 2832 et
693 2768 786 2830 fracti
808 2768 919 2830 ferens

168 2875 279 2933 Partes
301 2871 419 2949 aratri3
442 2871 531 2931 mille
554 2892 615 2932 vox
637 2870 755 2954 linguis
775 2885 882 2932 sonat:

168 2973 309 3035 Petenda
333 2973 462 3054 Coptos,
487 2972 563 3032 sede
587 2972 804 3035 dominantum
824 2985 963 3052 potens:

170 3075 216 3135 lbi
238 3074 349 3158 panis;
374 3073 420 3133 ibi
441 3073 591 3136 vindicta.
637 3072 727 3155 Capit
748 3072 910 3134 exereitus

120 3179 153 3233 60
171 3178 266 3242 Vires
289 3175 410 3252 eund03
435 3176 576 3256 plurimi,
600 3197 660 3259 qua
681 3173 840 3245 transitus,

230 3351 371 3358 wa·-

236 3457 269 3507 V.
293 3461 334 3512 58.
376 3456 486 3527 Coptos
507 3454 579 3510 urbs
602 3455 726 3530 Aegypti
752 3452 925 3529 superioris,
952 3453 1084 3529 frequens

168 3550 307 3593 mercatu.
