2356 4282
534 446 682 515 Susiani.

146 619 309 686 Promissa
330 618 491 706 quondam·
509 622 656 706 patribus
678 622 712 684 in
733 642 834 706 regna
855 619 972 686 intuli·

147 727 284 789 Ferme
307 738 448 788 retortus
470 725 571 788 amnis
593 725 627 786 in
648 745 719 788 sese
740 746 835 809 vagas

148 826 344 910 compressit
365 826 482 890 undas:
506 848 618 889 rursus
641 841 672 890 et
694 841 803 891 vetera
823 827 951 890 horruit

143 928 308 1013 Prodigia,
330 927 437 992 medio
459 929 552 992 limes
575 929 751 1013 impressus
772 928 852 993 vado
875 943 934 992 est.

92 1029 127 1086 40
148 1030 235 1125 Quid
254 1031 380 1115 reliqua
400 1030 598 1095 memorem?
644 1032 734 1097 Victa
759 1053 851 1116 quarn
874 1032 936 1096 late
957 1044 1045 1118 putet

143 1133 329 1196 Chananaea
350 1133 458 1197 tellus:
483 1133 596 1208 fracta,
622 1151 770 1218 superata
792 1133 907 1197 omnia.

143 1236 231 1297 Hinc
255 1235 316 1320 qua
337 1250 483 1318 tepentes
503 1237 667 1319 proximus
690 1236 785 1300 sentit
803 1239 904 1300 Notos

144 1336 320 1401 Indomiius
341 1337 505 1413 Amalech,
528 1360 628 1422 regna
649 1336 809 1424 adusque
832 1338 935 1402 senili

146 1441 304 1524 Opposita
327 1441 449 1524 Syriae,
482 1463 606 1526 quaque
629 1455 675 1504 tot
697 1440 786 1504 clade
808 1440 937 1506 urbium

89 1545 125 1600 45
147 1543 267 1607 infame
289 1545 421 1628 pelagus
445 1541 596 1606 fluoribus
619 1543 709 1605 salsis
730 1542 826 1627 riget,

142 1647 331 1730 Allophylae
354 1647 394 1709 ad
415 1669 488 1709 oras
509 1646 624 1730 gentis,
660 1645 711 1707 his
732 1645 842 1708 aedem
863 1645 966 1712 tribus

143 1751 288 1814 Posuere
310 1750 420 1812 bissex
440 1747 575 1811 finibus:
601 1748 685 1831 pulsi
707 1747 843 1823 incolae,

144 1850 278 1914 Viduata
299 1853 427 1938 populis
448 1850 585 1935 oppida3
612 1851 675 1913 huc
696 1872 825 1934 sparsus
847 1865 979 1928 tremor,

144 1953 216 2050 Quo
239 1954 323 2015 bella
345 1953 488 2036 posthac.
532 1951 643 2048 Quid?
665 1951 752 2037 quod
772 1954 911 2036 imperio
932 1954 1034 2020 Ducis

89 2058 126 2112 50
142 2052 276 2117 Defixus
297 2054 378 2118 orbe
403 2055 552 2118 Phoebus
573 2056 607 2117 in
630 2055 737 2119 medio
759 2057 847 2120 stelit

142 2158 183 2219 Et
205 2157 273 2217 laxa
297 2155 454 2219 cohibens
476 2157 567 2218 frona
591 2158 755 2240 suspensis
780 2157 835 2239 diu

142 2258 258 2320 Haesit
277 2257 454 2343 quadrigis,
487 2259 627 2345 quinqua
650 2258 724 2322 dum
746 2281 859 2345 campo
882 2283 1020 2349 sequena

142 2362 275 2422 Patente
296 2380 393 2444 reges
415 2361 519 2423 victor
540 2361 681 2423 Isacides
705 2362 828 2447 quatit?

144 2460 208 2523 Sed
229 2461 289 2525 ista
311 2460 485 2546 quorsum?
508 2461 585 2546 quid
608 2462 693 2524 iurat
715 2462 799 2526 bello
822 2463 940 2529 efferas

89 2573 124 2629 55
141 2563 315 2627 Domuisse
336 2578 459 2646 gentes,
494 2563 571 2626 sede
592 2564 750 2647 promissa
771 2565 846 2648 frui,

143 2665 177 2727 si
199 2665 246 2728 sic
268 2665 410 2727 futurum
430 2663 500 2727 est?
521 2680 635 2748 sponte
658 2665 686 2727 si
707 2667 825 2749 patitur
847 2669 978 2754 iugum

140 2772 296 2853 Novoque
317 2769 413 2831 toties
434 2769 594 2852 premitur
617 2770 715 2832 exitio
738 2791 837 2855 genus

139 2874 232 2933 Tanti
254 2868 476 2954 redemptum?
521 2871 555 2933 si
577 2871 667 2933 leves
689 2873 800 2933 metuit
822 2871 917 2936 deos:

140 2974 181 3037 Et
204 2971 281 3034 falsa
304 2974 389 3035 cultu
408 2973 537 3034 numina
560 2974 681 3036 incesto
705 2971 802 3036 colit?

90 3081 125 3137 dd
142 3078 207 3139 Pro
230 3095 323 3139 caeca
345 3075 477 3138 nimium
500 3074 614 3138 corda!
639 3097 700 3159 pro
723 3096 839 3139 vecors
860 3075 971 3143 furor!

141 3176 242 3242 inlida
263 3177 408 3242 soboles!
455 3178 584 3241 Siccine
606 3177 783 3240 excidimus
803 3176 884 3242 tibi?

141 3338 347 3352 m

206 3428 245 3484 V.
263 3431 305 3486 46.
324 3424 432 3480 Tribus
448 3424 542 3481 bissex
559 3443 598 3481 ac.
617 3423 770 3482 duodecim
786 3427 906 3484 israelis.

206 3515 244 3568 V.
264 3520 306 3570 lii.
325 3511 437 3567 Ducis
454 3528 493 3570 sc.
515 3515 622 3573 iosuae.

207 3601 244 3657 V·
264 3605 305 3658 52.
324 3597 369 3659 Cf.
396 3601 451 3655 los.
469 3604 511 3657 10.
