2356 4282
508 473 651 539 &sanas
1001 474 1044 548 67

116 642 252 726 Ignibus
274 643 307 704 in
331 643 469 707 sisaram
490 667 611 708 venere
633 645 673 708 sd
693 645 815 728 praelia
837 645 955 708 stellae.

118 746 218 808 Multa
241 745 339 810 Cison
362 749 462 811 volvit
482 748 613 811 tumidis
636 763 784 832 correpta
807 747 982 811 subaudis

62 845 104 898 ¹15
121 849 264 931 Corpora
285 851 527 936 seminecesque
550 853 649 926 viros,
671 853 824 937 largoque
846 872 964 914 cruore

118 951 252 1015 Tinctus
270 951 319 1014 iit.
343 952 408 1015 Sed
429 975 488 1017 nos
508 954 653 1039 rapidum
675 956 859 1019 traiecimus
879 973 1004 1018 amnem

116 1055 261 1116 Innooui.
284 1055 450 1138 Fugientis
471 1058 548 1141 equi
571 1060 718 1141 prolapsa
738 1055 861 1120 resedit

116 1158 243 1241 Ungula
265 1173 298 1221 et
318 1159 445 1221 excussi
465 1173 583 1222 terram
605 1163 731 1243 petiere
749 1158 905 1243 magistri.

115 1260 201 1321 Dira
222 1265 334 1323 Meros
356 1261 458 1323 terra!
481 1262 662 1346 (bligerum
685 1264 731 1325 sic
753 1263 866 1345 incipit
887 1261 981 1336 unus)

62 1362 99 1415 ²⁰
117 1363 200 1425 Dira
222 1362 353 1426 Meroz!
377 1368 466 1426 Tene
489 1364 618 1441 auxilio,
642 1385 712 1426 cum
734 1379 833 1427 staret
853 1366 886 1424 in
908 1364 1015 1440 armis,

116 1467 192 1527 Non
213 1466 341 1527 venisse
364 1467 426 1526 Dei
448 1467 578 1549 populo,
613 1486 673 1528 nec
695 1481 795 1528 castra
818 1480 958 1528 secutam

117 1566 229 1628 Fortia
252 1565 474 1650 delectumque
497 1567 578 1629 locis
600 1588 640 1629 ex
663 1567 809 1629 omnibus
832 1565 970 1650 agmen?

116 1668 149 1733 Ο
171 1667 249 1729 felix
271 1691 331 1729 una
355 1683 426 1730 ante
448 1669 523 1731 alias
545 1667 721 1731 fortissima
740 1669 857 1731 coniux

115 1773 257 1833 Haberis
280 1794 437 1856 generosa
460 1772 562 1835 lahel!
585 1777 636 1834 Tu
658 1772 747 1836 fonte
769 1773 893 1856 petenti

62 1878 93 1931 25
116 1874 294 1936 Exhaustus
315 1876 425 1937 latices
447 1875 588 1938 rorantia
609 1876 689 1938 lactc
715 1873 836 1937 dedisti

114 1978 246 2039 Pocula.
270 1981 319 2038 Tu
342 1975 453 2039 dextra
473 1976 608 2040 tuditem
629 1978 816 2061 clavumque
839 1975 967 2039 sinistra

113 2079 257 2161 hripis,
282 2094 315 2141 et
336 2078 440 2142 valido
464 2095 589 2162 tempus
611 2099 682 2141 cum
705 2081 828 2142 robore
850 2091 1020 2161 utrumque

113 2181 264 2243 Traiicis.
291 2183 346 2243 lile
373 2183 443 2244 solo
467 2179 604 2243 afflictus
626 2183 776 2265 largaque
798 2195 969 2264 tepescens

114 2284 220 2347 Caede
243 2284 335 2359 iacet,
359 2284 540 2369 densaeque
563 2285 672 2348 oculos
694 2285 836 2346 clausere
859 2283 1021 2347 tenebrae.

62 2391 94 2444 3⁰
158 2390 283 2450 interea
303 2387 484 2450 miseranda
505 2407 622 2470 parens
644 2386 812 2449 ululatibus
835 2385 932 2447 aedes

114 2491 314 2572 Complebnt,
339 2491 469 2574 natique
491 2508 613 2552 moram
633 2488 798 2550 incusabat
819 2502 860 2561 et,
881 2487 937 2548 ilie

115 2592 261 2686 Quonam
283 2591 385 2657 abiit?
408 2592 505 2670 dixit3
530 2613 587 2654 cur
609 2590 719 2653 matris
743 2589 857 2673 gaudia
880 2585 1015 2652 differt?

115 2695 318 2793 Quadriiugo
340 2716 399 2758 cur
418 2717 484 2757 non
506 2695 626 2778 patrias
649 2691 793 2754 sublimis
815 2690 856 2753 ad
877 2707 968 2752 arces

111 2800 280 2863 invehitur
303 2797 423 2861 curru?
443 2801 577 2859 Luctum
600 2816 758 2879 excepere
781 2795 922 2876 parentis

62 2906 92 2964 35
113 2902 260 2964 Uxorum
280 2901 333 2984 pia
353 2900 456 2964 turba.
478 2903 601 2961 Harum
623 2897 799 2980 sapientior
820 2919 890 2972 una,

110 3007 202 3067 Pone
224 3019 342 3066 metum
364 3003 453 3066 dixit.
481 3002 601 3088 Spoliis
621 3021 706 3064 nunc
728 2999 814 3064 forte
837 2999 957 3083 potitus

110 3106 238 3170 Dividit
257 3105 407 3169 hostilem
428 3105 588 3189 praedam.
610 3105 809 3167 Pulcerrima
829 3103 909 3165 sorti

111 3210 274 3272 Eximitur
294 3209 398 3294 virgo.
421 3210 519 3275 Vario
541 3221 678 3270 saturata
698 3208 809 3270 colore

113 3315 215 3377 Texta
235 3312 315 3398 legit
333 3313 494 3397 teretique
515 3309 650 3395 aptanda
672 3309 803 3373 monilia
824 3306 919 3370 collo.

114 3490 321 3504 *uun—.-

180 3604 219 3660 V.
241 3608 300 3662 319.
319 3601 442 3657 Marcu
458 3610 541 3659 terra
557 3599 652 3657 vicina
668 3595 773 3672 proelii
788 3596 867 3681 ioco.

781 3702 832 3775 5*
