2356 4282
424 471 586 534 Cunrsrus
607 473 761 534 Par-rsus.
993 473 1053 543 155

74 641 296 723 35¹1¹otumque
318 645 440 703 Mosam
462 641 588 726 legibus
611 643 711 704 calcat
732 641 807 704 suis.

118 746 187 804 Nec
208 743 296 805 stetit
318 743 352 803 in
372 744 456 806 illis:
482 742 590 809 sidera
612 745 745 810 incessit
765 745 860 808 soror

120 846 347 928 Summumque
368 866 495 921 numen,
519 846 614 929 plebe
636 868 708 910 cum
730 849 787 911 rili
810 865 894 913 satus

117 949 226 1010 Palam
247 954 424 1011 Tonantem
446 950 587 1014 vindicat
607 968 731 1035 patrem
754 951 827 1015 sibi.

118 1053 313 1126 Haeserunt,
337 1051 422 1134 piari
442 1069 545 1116 morte
567 1076 648 1139 quae
673 1070 758 1119 vates
781 1055 881 1128 iubet,

74 1173 102 1227 50
120 1155 185 1250 Qui
208 1155 277 1217 iura
296 1156 414 1219 tabulis
436 1156 566 1240 scripsit
587 1159 621 1220 in
643 1159 780 1243 geminis
800 1159 924 1222 decem.

118 1261 201 1321 Pon.
222 1262 392 1344 Postquam
415 1261 463 1323 ira
485 1260 564 1323 belli
585 1276 687 1325 mater
708 1275 801 1346 atque
826 1263 894 1327 auri
916 1261 1017 1326 fames

118 1362 220 1424 Artes
239 1363 380 1426 nocendi
402 1365 537 1448 reperit,
561 1379 593 1426 et
614 1363 759 1446 placidos
783 1386 840 1427 suo

119 1467 291 1526 Praestare
312 1480 440 1548 poterat
462 1467 549 1528 nulla
572 1486 704 1528 securos
726 1467 829 1550 quies,

120 1565 248 1629 Infirma
269 1589 329 1650 per
351 1592 386 1632 se
409 1571 473 1634 vita
496 1570 656 1636 communi
677 1583 763 1632 metu

74 1676 102 1732 ts
121 1675 159 1732 ln
180 1669 295 1735 foedus
314 1672 461 1735 homines
482 1673 586 1747 traxit,
608 1673 763 1737 alternam
785 1672 905 1734 docens

121 1773 227 1856 Opem
247 1774 385 1856 pacisci:
407 1775 533 1837 moenia
554 1774 704 1856 amplecti
728 1774 839 1836 domos

121 1875 286 1958 Coepere:
308 1878 409 1936 maius
431 1876 507 1937 inde
528 1875 726 1958 praesidium
747 1876 844 1940 bonis

123 1976 262 2038 Subiere
284 1978 390 2061 leges:
414 1998 518 2060 poena
541 1977 717 2060 respondet
740 2000 815 2041 suae

122 2079 267 2164 Aequata
288 2082 416 2162 culpae:
441 2080 526 2142 redit
547 2080 586 2143 ad
609 2095 770 2143 auctorem
792 2083 924 2146 malumr

74 2191 105 2248 70
124 2183 244 2244 lustitia
266 2185 304 2246 ab
328 2184 400 2267 ipso
423 2183 560 2246 crimine
585 2185 763 2266 exemplum
788 2187 876 2268 petit,

120 2285 247 2346 Damno
268 2285 398 2366 rapinas
420 2287 494 2360 ulta,
517 2285 648 2348 caedem
672 2287 836 2371 sanguine,

121 2390 161 2450 Ut
183 2386 293 2448 facero
316 2402 438 2450 metuat
460 2388 595 2472 quiaque
619 2388 705 2472 quod
728 2391 841 2450 metuit
863 2389 936 2472 pati.

121 2489 244 2553 Maiora
265 2495 380 2573 poenis
402 2506 515 2573 peccat
535 2490 691 2564 humanis,
712 2492 817 2555 Deum

122 2592 278 2684 Quisquis
299 2593 444 2654 lacessit:
466 2613 598 2674 magnus
619 2592 705 2654 hunc
724 2593 843 2656 vindex
865 2608 972 2656 manet

74 2696 102 2753 t5
121 2696 228 2790 Quem
248 2694 361 2756 laedit:
384 2695 454 2777 ipse
475 2693 657 2757 fulminanti
679 2694 810 2757 dextera

122 2795 325 2857 Tremendus
345 2795 419 2858 orbi
441 2815 499 2857 cur
522 2817 594 2858 suas
616 2797 803 2858 mortalibus

121 2897 289 2961 Mandaret
310 2897 398 2960 iras?
421 2919 492 2960 esse
515 2919 576 2961 nec
597 2899 691 2962 datur
713 2901 813 2984 impio

121 3003 271 3082 Impune:
294 3021 410 3064 vecors
431 3002 546 3064 mentis
569 3003 720 3065 attonitae
743 3024 843 3085 pavor

122 3103 269 3186 Exagitat
289 3104 396 3167 illum:
419 3105 515 3166 sentit
535 3105 639 3186 ipsum
661 3105 746 3188 quod
769 3120 872 3189 negat,

74 3207 105 3267 30
120 3207 162 3267 Et
183 3205 311 3289 cogitur
332 3207 448 3268 timere
470 3206 535 3269 vim
556 3228 622 3268 non
645 3207 808 3269 creditam.

120 3310 192 3371 Non
214 3308 341 3393 peragit
362 3331 443 3371 unus
463 3309 525 3369 tale
548 3307 740 3391 supplicium
762 3308 842 3370 dies.

122 3414 158 3474 ln
178 3411 241 3474 hoc
263 3410 394 3474 iubetur
413 3411 535 3485 vivere,
561 3424 596 3472 nt
616 3431 735 3472 nomen
756 3411 857 3486 neon,
945 3452 947 3457 -

124 3514 269 3597 Neeique
292 3513 400 3597 siquid
421 3527 530 3589 restat,
552 3513 721 3575 horrescat
740 3511 814 3574 diu:

125 3615 182 3677 Sin
202 3614 306 3699 patria
327 3614 476 3699 quiddam
499 3615 568 3678 iura
590 3614 753 3679 diversum
776 3628 897 3688 sonant,
