2356 4282
417 471 582 536 Cnmsws
602 472 756 536 Puniens.

52 643 103 698 260
123 639 223 703 Ortus
246 639 365 705 Idume.

122 747 172 804 Tu
195 765 268 825 spes
291 744 388 828 lapsis
410 745 503 807 unica
525 746 634 821 rebus,

122 847 275 909 Columen
298 849 430 929 patriae,
458 863 557 932 genus
580 849 724 925 Absenti,

122 949 227 1042 Quem
248 948 381 1012 fatidico
404 951 477 1032 pius
498 972 556 1013 one
577 973 693 1036 parens

123 1053 262 1134 Sperare
285 1073 374 1113 suum
396 1052 489 1116 iussit
511 1053 629 1129 ludam,

55 1171 102 1225 265
125 1155 230 1251 Quem
251 1155 414 1239 regiensi
436 1155 542 1217 nablia
563 1170 697 1234 cantant,

123 1255 251 1321 Vindex
270 1257 382 1340 populi
405 1258 466 1320 tibi
493 1259 617 1333 sacrati,

122 1359 275 1420 Clausure
299 1372 373 1421 tuot
392 1380 457 1421 non
478 1359 656 1444 frangenda

44 1472 47 1477 ’
122 1463 206 1522 Pace
227 1460 416 1544 triumphos,
442 1477 517 1524 tune
542 1482 613 1524 cunt
634 1462 724 1547 leges

122 1564 222 1626 Feret
241 1565 335 1625 unius
360 1563 474 1626 iudaea
495 1580 565 1627 tuas

58 1665 106 1719 2⁷0
123 1666 210 1726 Inter
232 1663 364 1728 famulas
384 1665 488 1728 libera
511 1680 634 1750 gentes,

125 1765 263 1863 Quando
284 1767 392 1842 nobis,
414 1768 541 1852 quando
563 1769 658 1831 toties

123 1869 307 1930 Promissus
329 1868 428 1930 ades?

125 1970 159 2032 Si
182 1992 242 2032 nos
265 1985 378 2048 vatum,
405 1991 541 2055 querunt
563 1970 692 2033 miseris

125 2074 254 2135 Constat
274 2074 369 2135 multa
390 2073 454 2135 ium
475 2071 565 2134 clade
585 2070 676 2146 fides,

63 2180 107 2234 275
125 2176 291 2260 Nunquam
313 2175 463 2239 iniectis
484 2175 623 2238 earmina
645 2174 766 2251 feliunt,

124 2281 197 2341 Non
219 2294 256 2342 tu
275 2278 382 2362 longe.
408 2282 475 2340 Per
494 2293 526 2341 te
549 2277 649 2340 sancti

124 2380 249 2443 Limina
269 2382 390 2463 tempii,
415 2401 475 2462 per
496 2382 636 2443 innatum

125 2483 275 2545 Patribus
297 2503 427 2558 minen,
449 2481 536 2567 quod
555 2483 664 2567 lingua
684 2484 775 2570 loqui

124 2588 240 2648 Nostra
262 2598 403 2660 veretur,
429 2585 684 2668 consanguineos

65 2693 108 2750 280
126 2687 267 2770 Respice
288 2685 391 2748 luctus
398 2706 411 2766 3
431 2705 581 2770 propera,
608 2707 761 2770 propera,

126 2794 242 2857 Sancte
268 2808 446 2874 precemur,
468 2789 619 2873 votisque
639 2791 703 2873 piis

124 2892 267 2959 Tandem
286 2882 440 2976 praesens
463 2890 553 2956 disee
578 2895 699 2960 vocari.
