2356 4282
151 478 213 543 210
559 476 678 537 Gnoru

221 648 290 705 Lex
312 644 371 704 ista
392 644 512 728 ubique
537 659 596 719 est,
620 665 699 727 quae
721 645 836 706 necin
858 645 975 708 tabulis
996 652 1094 728 cedri,

221 749 290 807 Neo
311 744 345 805 in
366 766 441 808 aere
461 745 582 828 pendet
603 747 733 827 sculpta,
759 766 820 808 nec
841 761 901 811 stat
922 772 1091 828 marmore,

223 846 287 909 Sed
309 846 408 908 corde
427 842 464 907 in
485 849 558 931 ipso
580 860 628 908 est
649 847 767 928 scripta
789 851 967 913 communis
988 876 1081 918 manu

222 948 387 1011 Auctoris:
411 948 495 1009 illam
519 949 574 1032 qui
594 947 688 1033 fugit,
712 969 783 1011 seso
804 948 896 1033 fugit.

155 1067 204 1119 110
222 1051 324 1110 Ferae
347 1071 474 1133 quoque
497 1049 585 1131 ipsae
605 1070 726 1133 genere
747 1066 913 1115 consortes
933 1073 1049 1120 amant.

221 1153 293 1214 tuat.
315 1153 404 1234 Ipsos
427 1151 557 1213 dolores
580 1151 694 1235 tangis,
717 1166 751 1213 ut
772 1174 911 1236 nequeas
931 1160 1045 1243 magis.

223 1252 289 1316 Sed
312 1273 388 1315 ecce
412 1252 520 1314 densis
541 1273 673 1335 praeses
695 1255 834 1337 Aegypti
853 1257 943 1319 venit

223 1354 365 1436 Stipatus
385 1354 481 1414 armis
502 1354 539 1415 ad
562 1354 639 1416 laris
661 1355 759 1416 limen
782 1355 841 1417 sui.

222 1457 313 1551 Quae
333 1473 417 1516 nuno
437 1455 577 1539 neganti,
601 1454 687 1538 quod
707 1470 817 1538 putant
837 1473 972 1534 eertum,
993 1461 1092 1525 fides?

156 1562 205 1614 115
222 1558 312 1652 Quae
335 1555 636 1620 confitenti‘venia?
657 1558 722 1620 vim
744 1559 919 1640 sapientiae

221 1658 304 1723 Mihi
327 1658 425 1720 demit
447 1678 584 1732 omnem,
607 1678 668 1720 nec
689 1659 753 1721 sibi
773 1661 894 1723 vultum
915 1662 993 1724 sinit

223 1762 377 1824 Constare
401 1760 512 1841 cnlpae
535 1759 684 1821 conscius
707 1759 826 1823 veteris
846 1783 959 1843 pavor.

460 1895 585 1947 Rantses.
622 1896 763 1958 loreptar.
803 1899 902 1949 ludos.

222 1992 312 2053 Ram.
333 1990 501 2070 Deprensa
522 2009 604 2050 noxa
626 2004 693 2068 est3
722 1990 805 2052 salva
827 2012 880 2053 res
888 2014 899 2070 3
931 1992 1022 2056 illum
1044 2019 1131 2079 penes

224 2089 374 2153 Sacrifica
396 2088 485 2151 latuit
505 2103 623 2171 patera,
649 2110 743 2173 quern
766 2091 907 2154 vinctum
928 2094 1033 2159 rides.

157 2201 206 2252 120
222 2197 325 2256 Unum
345 2191 481 2254 retraxi:
506 2206 620 2273 sponte
643 2213 723 2274 grex
745 2193 879 2255 fratrum
902 2195 928 2257 it
952 2216 1070 2274 eomes,

223 2300 441 2378 Monstratqne
465 2295 582 2354 luctum
603 2293 747 2355 vestibus
768 2295 871 2377 ruptis
893 2318 993 2359 soum.

222 2402 285 2462 Ios.
306 2397 397 2490 Quae
419 2417 478 2459 vos
500 2395 617 2477 cupido
639 2396 767 2470 misera,
790 2417 871 2480 quae
892 2397 1010 2461 fiducia

224 2497 274 2559 Ad
293 2498 357 2560 hoo
378 2495 486 2578 adegit
505 2493 656 2559 facinus?
677 2518 717 2557 an
737 2496 831 2560 vobis
853 2518 914 2581 ego

224 2605 353 2685 ignotus
376 2596 466 2672 adeo,
491 2599 605 2680 plenus
626 2595 735 2659 afflatu
755 2598 829 2672 Dei,

156 2709 205 2762 125
223 2701 282 2765 Cui
305 2712 457 2761 monstrat
479 2699 601 2760 animus
622 2698 775 2782 quioquid
797 2698 978 2763 abstrusum
998 2703 1081 2778 latet,

223 2805 265 2864 Et
286 2803 346 2864 alia
366 2814 453 2862 vates
474 2799 643 2882 perspicax
665 2799 856 2882 prudentia?

221 2907 293 2967 Iud.
315 2901 515 2986 Magnanime
536 2900 700 2983 princeps,
722 2902 903 2983 proximum
920 2923 1025 2986 regno
1045 2915 1130 2987 eaput,

222 3005 274 3067 Ad
294 3021 347 3068 tua
368 3001 469 3065 voluti
490 3021 602 3084 genua,
631 3022 712 3084 quae
734 3003 797 3064 iarn
818 3022 988 3084 possumus

223 3107 384 3189 Reperire
406 3124 467 3184 pro
489 3122 526 3163 re
549 3101 670 3165 verba?
693 3123 786 3186 quem
808 3101 897 3164 fandi
918 3103 1073 3167 modurn?

156 3217 207 3271 1311
225 3211 298 3307 Quo
320 3227 380 3269 nos
399 3204 483 3265 tueri
503 3216 595 3276 teste,
619 3223 699 3286 quos
718 3202 846 3287 peragit
865 3223 943 3266 reos

222 3314 312 3372 Deus
333 3305 428 3391 ipse?
450 3303 516 3368 Sed
536 3318 571 3366 tu
591 3304 734 3388 gentium
756 3303 896 3367 domitor
917 3303 1024 3383 doma,

223 3410 320 3509 Quod
340 3406 523 3481 maximum,
544 3405 640 3469 iram:
664 3425 725 3468 neo
747 3406 827 3468 velis
849 3421 1001 3489 quantum
1022 3423 1120 3492 potes.

223 3519 338 3576 Munus
359 3524 444 3572 tuum
464 3523 575 3572 tuere:
598 3528 691 3591 quam
713 3520 823 3570 contra
845 3507 962 3570 famem

224 3618 328 3685 Vitam
352 3610 480 3685 dedisti,
502 3631 614 3672 rursus
635 3630 675 3672 ex
693 3629 798 3691 poena
818 3609 921 3691 eripe.
