<?xml version="1.0" encoding="UTF-8"?>
<!DOCTYPE html PUBLIC "-//W3C//DTD XHTML 1.0 Transitional//EN"
    "http://www.w3.org/TR/xhtml1/DTD/xhtml1-transitional.dtd">
<html xmlns="http://www.w3.org/1999/xhtml" xml:lang="en" lang="en">
 <head>
  <title>
</title>
<meta http-equiv="Content-Type" content="text/html;charset=utf-8" />
  <meta name='ocr-system' content='tesseract 3.04.00' />
  <meta name='ocr-capabilities' content='ocr_page ocr_carea ocr_par ocr_line ocrx_word'/>
</head>
<body>
  <div class='ocr_page' id='page_1' title='image "./tragoediaeselec00malagoog_0180.png"; bbox 0 0 2356 4282; ppageno 0'>
   <div class='ocr_carea' id='block_1_1' title="bbox 442 496 1072 568">
    <p class='ocr_par' dir='ltr' id='par_1_1' title="bbox 442 496 1072 568">
     <span class='ocr_line' id='line_1_1' title="bbox 442 496 1072 568; baseline 0.017 -11"><span class='ocrx_word' id='word_1_1' title='bbox 442 496 608 565; x_wconf 68' lang='lat' dir='ltr'>Caratacus</span> <span class='ocrx_word' id='word_1_2' title='bbox 626 497 780 562; x_wconf 72' lang='lat' dir='ltr'>Pirum.</span> <span class='ocrx_word' id='word_1_3' title='bbox 1012 498 1072 568; x_wconf 78' lang='grc'>171</span> 
     </span>
    </p>
   </div>
   <div class='ocr_carea' id='block_1_2' title="bbox 96 666 896 765">
    <p class='ocr_par' dir='ltr' id='par_1_2' title="bbox 96 666 896 765">
     <span class='ocr_line' id='line_1_2' title="bbox 96 666 896 765; baseline -0.001 -33"><span class='ocrx_word' id='word_1_4' title='bbox 96 680 134 732; x_wconf 84' lang='lat'>25</span> <span class='ocrx_word' id='word_1_5' title='bbox 152 668 242 765; x_wconf 78' lang='lat' dir='ltr'>Quas</span> <span class='ocrx_word' id='word_1_6' title='bbox 265 666 313 730; x_wconf 80' lang='lat' dir='ltr'>ris</span> <span class='ocrx_word' id='word_1_7' title='bbox 333 666 481 734; x_wconf 84' lang='lat' dir='ltr'>dolorum</span> <span class='ocrx_word' id='word_1_8' title='bbox 503 667 591 750; x_wconf 89' lang='lat' dir='ltr'>rupit</span> <span class='ocrx_word' id='word_1_9' title='bbox 611 667 645 729; x_wconf 89' lang='lat' dir='ltr'>in</span> <span class='ocrx_word' id='word_1_10' title='bbox 668 688 783 747; x_wconf 82' lang='lat' dir='ltr'>voces3</span> <span class='ocrx_word' id='word_1_11' title='bbox 808 668 896 751; x_wconf 88' lang='lat' dir='ltr'>cupit</span> 
     </span>
    </p>
   </div>
   <div class='ocr_carea' id='block_1_3' title="bbox 98 768 1078 3715">
    <p class='ocr_par' dir='ltr' id='par_1_3' title="bbox 149 768 1078 1160">
     <span class='ocr_line' id='line_1_3' title="bbox 151 768 1002 852; baseline 0.002 -20"><span class='ocrx_word' id='word_1_12' title='bbox 151 770 285 832; x_wconf 84' lang='lat' dir='ltr'>Animus</span> <span class='ocrx_word' id='word_1_13' title='bbox 307 768 395 852; x_wconf 88' lang='lat' dir='ltr'>quod</span> <span class='ocrx_word' id='word_1_14' title='bbox 415 769 529 835; x_wconf 83' lang='lat' dir='ltr'>horret</span> <span class='ocrx_word' id='word_1_15' title='bbox 550 770 654 849; x_wconf 87' lang='lat' dir='ltr'>acira;</span> <span class='ocrx_word' id='word_1_16' title='bbox 678 790 719 831; x_wconf 87' lang='lat' dir='ltr'>ne</span> <span class='ocrx_word' id='word_1_17' title='bbox 741 790 838 852; x_wconf 86' lang='lat' dir='ltr'>parco</span> <span class='ocrx_word' id='word_1_18' title='bbox 861 771 1002 847; x_wconf 80' lang='lat' dir='ltr'>auribus,</span> 
     </span>
     <span class='ocr_line' id='line_1_4' title="bbox 151 869 907 955; baseline 0.003 -23"><span class='ocrx_word' id='word_1_19' title='bbox 151 873 265 933; x_wconf 85' lang='lat' dir='ltr'>Timor</span> <span class='ocrx_word' id='word_1_20' title='bbox 287 872 356 953; x_wconf 87' lang='lat' dir='ltr'>ipse</span> <span class='ocrx_word' id='word_1_21' title='bbox 379 869 471 933; x_wconf 86' lang='lat' dir='ltr'>finxit</span> <span class='ocrx_word' id='word_1_22' title='bbox 493 870 646 955; x_wconf 86' lang='lat' dir='ltr'>quicquid</span> <span class='ocrx_word' id='word_1_23' title='bbox 668 870 772 936; x_wconf 88' lang='lat' dir='ltr'>audiri</span> <span class='ocrx_word' id='word_1_24' title='bbox 793 885 907 953; x_wconf 84' lang='lat' dir='ltr'>potest.</span> 
     </span>
     <span class='ocr_line' id='line_1_5' title="bbox 149 972 1078 1072; baseline 0 -34"><span class='ocrx_word' id='word_1_25' title='bbox 149 976 249 1038; x_wconf 71' lang='lat' dir='ltr'>Noas.</span> <span class='ocrx_word' id='word_1_26' title='bbox 269 995 317 1057; x_wconf 81' lang='lat' dir='ltr'>pr.</span> <span class='ocrx_word' id='word_1_27' title='bbox 339 976 429 1072; x_wconf 73' lang='lat' dir='ltr'>Quae</span> <span class='ocrx_word' id='word_1_28' title='bbox 450 996 525 1057; x_wconf 87' lang='lat' dir='ltr'>pars</span> <span class='ocrx_word' id='word_1_29' title='bbox 547 972 586 1037; x_wconf 91' lang='lat' dir='ltr'>ab</span> <span class='ocrx_word' id='word_1_30' title='bbox 605 972 686 1037; x_wconf 86' lang='lat' dir='ltr'>urbe</span> <span class='ocrx_word' id='word_1_31' title='bbox 702 974 833 1057; x_wconf 79' lang='lat' dir='ltr'>frigidis</span> <span class='ocrx_word' id='word_1_32' title='bbox 846 978 973 1038; x_wconf 84' lang='lat' dir='ltr'>Boreae</span> <span class='ocrx_word' id='word_1_33' title='bbox 990 989 1078 1060; x_wconf 87' lang='lat' dir='ltr'>patet</span> 
     </span>
     <span class='ocr_line' id='line_1_6' title="bbox 150 1075 831 1160; baseline -0.001 -20"><span class='ocrx_word' id='word_1_34' title='bbox 150 1078 302 1141; x_wconf 86' lang='lat' dir='ltr'>Proiecta</span> <span class='ocrx_word' id='word_1_35' title='bbox 321 1075 443 1151; x_wconf 83' lang='lat' dir='ltr'>flabris,</span> <span class='ocrx_word' id='word_1_36' title='bbox 462 1076 628 1160; x_wconf 88' lang='lat' dir='ltr'>cognitum</span> <span class='ocrx_word' id='word_1_37' title='bbox 651 1076 746 1140; x_wconf 86' lang='lat' dir='ltr'>bellis</span> <span class='ocrx_word' id='word_1_38' title='bbox 769 1077 831 1139; x_wconf 87' lang='lat' dir='ltr'>iter</span> 
     </span>
    </p>

    <p class='ocr_par' dir='ltr' id='par_1_4' title="bbox 98 1178 845 1261">
     <span class='ocr_line' id='line_1_7' title="bbox 98 1178 845 1261; baseline -0.003 -19"><span class='ocrx_word' id='word_1_39' title='bbox 98 1189 133 1242; x_wconf 85' lang='lat'>30</span> <span class='ocrx_word' id='word_1_40' title='bbox 153 1183 195 1243; x_wconf 86' lang='lat' dir='ltr'>Et</span> <span class='ocrx_word' id='word_1_41' title='bbox 219 1195 307 1242; x_wconf 90' lang='lat' dir='ltr'>certa</span> <span class='ocrx_word' id='word_1_42' title='bbox 327 1200 455 1261; x_wconf 80' lang='lat' dir='ltr'>semper</span> <span class='ocrx_word' id='word_1_43' title='bbox 476 1178 620 1241; x_wconf 72' lang='lat' dir='ltr'>cladibus</span> <span class='ocrx_word' id='word_1_44' title='bbox 642 1181 764 1242; x_wconf 85' lang='lat' dir='ltr'>nostris</span> <span class='ocrx_word' id='word_1_45' title='bbox 784 1181 845 1255; x_wconf 79' lang='lat' dir='ltr'>via,</span> 
     </span>
    </p>

    <p class='ocr_par' dir='ltr' id='par_1_5' title="bbox 151 1281 960 1671">
     <span class='ocr_line' id='line_1_8' title="bbox 151 1281 910 1366; baseline -0.004 -20"><span class='ocrx_word' id='word_1_46' title='bbox 151 1287 241 1346; x_wconf 83' lang='lat' dir='ltr'>Haec</span> <span class='ocrx_word' id='word_1_47' title='bbox 264 1283 333 1366; x_wconf 78' lang='lat' dir='ltr'>ipsa</span> <span class='ocrx_word' id='word_1_48' title='bbox 356 1281 461 1343; x_wconf 89' lang='lat' dir='ltr'>dirum</span> <span class='ocrx_word' id='word_1_49' title='bbox 483 1283 662 1364; x_wconf 82' lang='lat' dir='ltr'>Golgothse</span> <span class='ocrx_word' id='word_1_50' title='bbox 685 1282 769 1345; x_wconf 89' lang='lat' dir='ltr'>tollit</span> <span class='ocrx_word' id='word_1_51' title='bbox 791 1283 910 1365; x_wconf 87' lang='lat' dir='ltr'>iugum.</span> 
     </span>
     <span class='ocr_line' id='line_1_9' title="bbox 153 1381 960 1465; baseline -0.001 -19"><span class='ocrx_word' id='word_1_52' title='bbox 153 1387 225 1446; x_wconf 92' lang='lat' dir='ltr'>Non</span> <span class='ocrx_word' id='word_1_53' title='bbox 246 1381 328 1446; x_wconf 88' lang='lat' dir='ltr'>ssorc</span> <span class='ocrx_word' id='word_1_54' title='bbox 351 1383 467 1446; x_wconf 85' lang='lat' dir='ltr'>collem</span> <span class='ocrx_word' id='word_1_55' title='bbox 488 1383 594 1465; x_wconf 81' lang='lat' dir='ltr'>pingit</span> <span class='ocrx_word' id='word_1_56' title='bbox 616 1383 814 1446; x_wconf 88' lang='lat' dir='ltr'>herbescens</span> <span class='ocrx_word' id='word_1_57' title='bbox 835 1385 960 1458; x_wconf 87' lang='lat' dir='ltr'>humus,</span> 
     </span>
     <span class='ocr_line' id='line_1_10' title="bbox 152 1484 937 1549; baseline -0.003 0"><span class='ocrx_word' id='word_1_58' title='bbox 152 1489 225 1549; x_wconf 87' lang='lat' dir='ltr'>Non</span> <span class='ocrx_word' id='word_1_59' title='bbox 245 1487 327 1548; x_wconf 88' lang='lat' dir='ltr'>laeta</span> <span class='ocrx_word' id='word_1_60' title='bbox 349 1484 516 1548; x_wconf 83' lang='lat' dir='ltr'><strong>obumbrat</strong></span> <span class='ocrx_word' id='word_1_61' title='bbox 539 1484 653 1547; x_wconf 84' lang='lat' dir='ltr'>arbor:</span> <span class='ocrx_word' id='word_1_62' title='bbox 676 1485 787 1548; x_wconf 79' lang='lat' dir='ltr'><strong>albens</strong></span> <span class='ocrx_word' id='word_1_63' title='bbox 809 1485 937 1548; x_wconf 86' lang='lat' dir='ltr'>ossibus</span> 
     </span>
     <span class='ocr_line' id='line_1_11' title="bbox 153 1586 917 1671; baseline -0.003 -21"><span class='ocrx_word' id='word_1_64' title='bbox 153 1587 308 1671; x_wconf 86' lang='lat' dir='ltr'>Taboque</span> <span class='ocrx_word' id='word_1_65' title='bbox 330 1586 466 1650; x_wconf 83' lang='lat' dir='ltr'>sordens</span> <span class='ocrx_word' id='word_1_66' title='bbox 489 1587 625 1669; x_wconf 76' lang='lat' dir='ltr'><strong>squallet</strong></span> <span class='ocrx_word' id='word_1_67' title='bbox 645 1587 782 1650; x_wconf 88' lang='lat' dir='ltr'>humano</span> <span class='ocrx_word' id='word_1_68' title='bbox 805 1588 917 1649; x_wconf 87' lang='lat' dir='ltr'>solum.</span> 
     </span>
    </p>

    <p class='ocr_par' dir='ltr' id='par_1_6' title="bbox 100 1690 962 2181">
     <span class='ocr_line' id='line_1_12' title="bbox 100 1690 899 1772; baseline 0.003 -23"><span class='ocrx_word' id='word_1_69' title='bbox 100 1698 135 1753; x_wconf 79' lang='lat'>35</span> <span class='ocrx_word' id='word_1_70' title='bbox 153 1693 260 1752; x_wconf 87' lang='lat' dir='ltr'>lacent</span> <span class='ocrx_word' id='word_1_71' title='bbox 280 1704 452 1753; x_wconf 82' lang='lat' dir='ltr'>uocantum</span> <span class='ocrx_word' id='word_1_72' title='bbox 473 1711 538 1753; x_wconf 89' lang='lat' dir='ltr'>uon</span> <span class='ocrx_word' id='word_1_73' title='bbox 562 1690 704 1771; x_wconf 80' lang='lat' dir='ltr'><strong>sepultae</strong></span> <span class='ocrx_word' id='word_1_74' title='bbox 725 1707 899 1772; x_wconf 88' lang='lat' dir='ltr'>corporum</span> 
     </span>
     <span class='ocr_line' id='line_1_13' title="bbox 151 1791 962 1877; baseline 0.001 -23"><span class='ocrx_word' id='word_1_75' title='bbox 151 1796 268 1854; x_wconf 92' lang='lat' dir='ltr'>Putres</span> <span class='ocrx_word' id='word_1_76' title='bbox 287 1792 464 1877; x_wconf 85' lang='lat' dir='ltr'>reliquiae3</span> <span class='ocrx_word' id='word_1_77' title='bbox 488 1791 635 1875; x_wconf 90' lang='lat' dir='ltr'>quisquis</span> <span class='ocrx_word' id='word_1_78' title='bbox 657 1807 709 1856; x_wconf 88' lang='lat' dir='ltr'>aut</span> <span class='ocrx_word' id='word_1_79' title='bbox 729 1793 821 1855; x_wconf 86' lang='lat' dir='ltr'>ferro</span> <span class='ocrx_word' id='word_1_80' title='bbox 843 1791 962 1876; x_wconf 81' lang='lat' dir='ltr'>impius</span> 
     </span>
     <span class='ocr_line' id='line_1_14' title="bbox 152 1893 887 1977; baseline 0.003 -22"><span class='ocrx_word' id='word_1_81' title='bbox 152 1894 295 1977; x_wconf 85' lang='lat' dir='ltr'>lugulum</span> <span class='ocrx_word' id='word_1_82' title='bbox 317 1895 461 1976; x_wconf 87' lang='lat' dir='ltr'>parentia</span> <span class='ocrx_word' id='word_1_83' title='bbox 483 1893 599 1967; x_wconf 85' lang='lat' dir='ltr'>bausit,</span> <span class='ocrx_word' id='word_1_84' title='bbox 626 1909 678 1957; x_wconf 92' lang='lat' dir='ltr'>aut</span> <span class='ocrx_word' id='word_1_85' title='bbox 699 1895 792 1956; x_wconf 88' lang='lat' dir='ltr'>matri</span> <span class='ocrx_word' id='word_1_86' title='bbox 813 1915 887 1957; x_wconf 87' lang='lat' dir='ltr'>auos</span> 
     </span>
     <span class='ocr_line' id='line_1_15' title="bbox 152 1995 944 2078; baseline -0.001 -20"><span class='ocrx_word' id='word_1_87' title='bbox 152 1997 271 2058; x_wconf 85' lang='lat' dir='ltr'>Foetus</span> <span class='ocrx_word' id='word_1_88' title='bbox 293 1996 441 2078; x_wconf 80' lang='lat' dir='ltr'>regessit,</span> <span class='ocrx_word' id='word_1_89' title='bbox 465 1995 611 2078; x_wconf 88' lang='lat' dir='ltr'>quisquis</span> <span class='ocrx_word' id='word_1_90' title='bbox 633 1995 667 2055; x_wconf 89' lang='lat' dir='ltr'>in</span> <span class='ocrx_word' id='word_1_91' title='bbox 689 1995 799 2058; x_wconf 84' lang='lat' dir='ltr'>fratris</span> <span class='ocrx_word' id='word_1_92' title='bbox 819 2017 944 2060; x_wconf 40' lang='lat' dir='ltr'>necem*</span> 
     </span>
     <span class='ocr_line' id='line_1_16' title="bbox 153 2097 919 2181; baseline 0.001 -22"><span class='ocrx_word' id='word_1_93' title='bbox 153 2098 248 2181; x_wconf 86' lang='lat' dir='ltr'>Legit</span> <span class='ocrx_word' id='word_1_94' title='bbox 270 2118 403 2168; x_wconf 86' lang='lat' dir='ltr'>venena,</span> <span class='ocrx_word' id='word_1_95' title='bbox 427 2097 573 2180; x_wconf 87' lang='lat' dir='ltr'>quiaquia</span> <span class='ocrx_word' id='word_1_96' title='bbox 595 2097 738 2179; x_wconf 83' lang='lat' dir='ltr'>ignotum</span> <span class='ocrx_word' id='word_1_97' title='bbox 756 2098 919 2180; x_wconf 75' lang='lat' dir='ltr'>hospitem</span> 
     </span>
    </p>

    <p class='ocr_par' dir='ltr' id='par_1_7' title="bbox 98 2198 846 2281">
     <span class='ocr_line' id='line_1_17' title="bbox 98 2198 846 2281; baseline -0.005 -16"><span class='ocrx_word' id='word_1_98' title='bbox 98 2212 133 2265; x_wconf 79' lang='lat' dir='ltr'>to</span> <span class='ocrx_word' id='word_1_99' title='bbox 152 2204 187 2262; x_wconf 91' lang='lat' dir='ltr'>lu</span> <span class='ocrx_word' id='word_1_100' title='bbox 209 2220 341 2261; x_wconf 87' lang='lat' dir='ltr'>nemore</span> <span class='ocrx_word' id='word_1_101' title='bbox 361 2200 433 2261; x_wconf 87' lang='lat' dir='ltr'>solo</span> <span class='ocrx_word' id='word_1_102' title='bbox 453 2198 605 2281; x_wconf 83' lang='lat' dir='ltr'>pabulum</span> <span class='ocrx_word' id='word_1_103' title='bbox 626 2198 734 2281; x_wconf 86' lang='lat' dir='ltr'>posuit</span> <span class='ocrx_word' id='word_1_104' title='bbox 755 2200 846 2275; x_wconf 79' lang='lat' dir='ltr'>feris,</span> 
     </span>
    </p>

    <p class='ocr_par' dir='ltr' id='par_1_8' title="bbox 151 2300 998 2690">
     <span class='ocr_line' id='line_1_18' title="bbox 151 2300 957 2384; baseline -0.001 -20"><span class='ocrx_word' id='word_1_105' title='bbox 151 2306 243 2364; x_wconf 86' lang='lat' dir='ltr'>Hanc</span> <span class='ocrx_word' id='word_1_106' title='bbox 265 2314 369 2364; x_wconf 89' lang='lat' dir='ltr'>morte</span> <span class='ocrx_word' id='word_1_107' title='bbox 393 2300 502 2363; x_wconf 85' lang='lat' dir='ltr'>sedam</span> <span class='ocrx_word' id='word_1_108' title='bbox 525 2302 662 2378; x_wconf 83' lang='lat' dir='ltr'>meruit3</span> <span class='ocrx_word' id='word_1_109' title='bbox 687 2315 862 2384; x_wconf 85' lang='lat' dir='ltr'>agnoscunt</span> <span class='ocrx_word' id='word_1_110' title='bbox 883 2322 957 2364; x_wconf 88' lang='lat' dir='ltr'>suos</span> 
     </span>
     <span class='ocr_line' id='line_1_19' title="bbox 152 2402 998 2467; baseline 0 -1"><span class='ocrx_word' id='word_1_111' title='bbox 152 2408 215 2466; x_wconf 85' lang='lat' dir='ltr'>Tot</span> <span class='ocrx_word' id='word_1_112' title='bbox 237 2402 359 2465; x_wconf 89' lang='lat' dir='ltr'>scelera</span> <span class='ocrx_word' id='word_1_113' title='bbox 379 2423 498 2464; x_wconf 87' lang='lat' dir='ltr'>manes.</span> <span class='ocrx_word' id='word_1_114' title='bbox 523 2405 614 2464; x_wconf 81' lang='lat' dir='ltr'>llaec</span> <span class='ocrx_word' id='word_1_115' title='bbox 636 2402 691 2463; x_wconf 92' lang='lat' dir='ltr'>ubi</span> <span class='ocrx_word' id='word_1_116' title='bbox 713 2402 850 2465; x_wconf 84' lang='lat' dir='ltr'>infausta</span> <span class='ocrx_word' id='word_1_117' title='bbox 872 2403 906 2466; x_wconf 88' lang='lat' dir='ltr'>in</span> <span class='ocrx_word' id='word_1_118' title='bbox 928 2405 998 2467; x_wconf 85' lang='lat' dir='ltr'>loca</span> 
     </span>
     <span class='ocr_line' id='line_1_20' title="bbox 152 2505 919 2589; baseline -0.001 -21"><span class='ocrx_word' id='word_1_119' title='bbox 152 2507 213 2575; x_wconf 84' lang='lat' dir='ltr'>Vir</span> <span class='ocrx_word' id='word_1_120' title='bbox 235 2510 418 2569; x_wconf 82' lang='lat' dir='ltr'>Nazarenus&#39;</span> <span class='ocrx_word' id='word_1_121' title='bbox 440 2505 624 2589; x_wconf 79' lang='lat' dir='ltr'>languidum</span> <span class='ocrx_word' id='word_1_122' title='bbox 646 2506 751 2568; x_wconf 84' lang='lat' dir='ltr'>erexit</span> <span class='ocrx_word' id='word_1_123' title='bbox 776 2505 919 2588; x_wconf 86' lang='lat' dir='ltr'>gradum,</span> 
     </span>
     <span class='ocr_line' id='line_1_21' title="bbox 151 2607 785 2690; baseline -0.003 -19"><span class='ocrx_word' id='word_1_124' title='bbox 151 2608 332 2672; x_wconf 87' lang='lat' dir='ltr'>Praebetur</span> <span class='ocrx_word' id='word_1_125' title='bbox 355 2607 446 2690; x_wconf 85' lang='lat' dir='ltr'>aegri</span> <span class='ocrx_word' id='word_1_126' title='bbox 468 2607 612 2689; x_wconf 87' lang='lat' dir='ltr'>pectoris</span> <span class='ocrx_word' id='word_1_127' title='bbox 637 2608 785 2670; x_wconf 86' lang='lat' dir='ltr'>solatium</span> 
     </span>
    </p>

    <p class='ocr_par' dir='ltr' id='par_1_9' title="bbox 100 2708 864 2810">
     <span class='ocr_line' id='line_1_22' title="bbox 100 2708 864 2810; baseline -0.003 -35"><span class='ocrx_word' id='word_1_128' title='bbox 100 2723 134 2777; x_wconf 78' lang='lat'>45</span> <span class='ocrx_word' id='word_1_129' title='bbox 154 2712 220 2810; x_wconf 77' lang='lat' dir='ltr'>Qui</span> <span class='ocrx_word' id='word_1_130' title='bbox 241 2709 442 2772; x_wconf 78' lang='lat' dir='ltr'>lachrimosis</span> <span class='ocrx_word' id='word_1_131' title='bbox 465 2708 570 2771; x_wconf 85' lang='lat' dir='ltr'>editus</span> <span class='ocrx_word' id='word_1_132' title='bbox 591 2710 740 2790; x_wconf 80' lang='lat' dir='ltr'>myrrhae</span> <span class='ocrx_word' id='word_1_133' title='bbox 763 2711 864 2773; x_wconf 86' lang='lat' dir='ltr'>comis</span> 
     </span>
    </p>

    <p class='ocr_par' dir='ltr' id='par_1_10' title="bbox 154 2812 834 2877">
     <span class='ocr_line' id='line_1_23' title="bbox 154 2812 834 2877; baseline 0 -1"><span class='ocrx_word' id='word_1_134' title='bbox 154 2817 253 2876; x_wconf 84' lang='lat' dir='ltr'>Latex</span> <span class='ocrx_word' id='word_1_135' title='bbox 275 2833 399 2875; x_wconf 86' lang='lat' dir='ltr'>amarus</span> <span class='ocrx_word' id='word_1_136' title='bbox 419 2812 514 2875; x_wconf 86' lang='lat' dir='ltr'>dulce</span> <span class='ocrx_word' id='word_1_137' title='bbox 535 2812 680 2877; x_wconf 82' lang='lat' dir='ltr'>condivit</span> <span class='ocrx_word' id='word_1_138' title='bbox 700 2834 834 2876; x_wconf 86' lang='lat' dir='ltr'>merum.</span> 
     </span>
    </p>

    <p class='ocr_par' dir='ltr' id='par_1_11' title="bbox 154 2913 742 2998">
     <span class='ocr_line' id='line_1_24' title="bbox 154 2913 742 2998; baseline 0 -22"><span class='ocrx_word' id='word_1_139' title='bbox 154 2915 199 2976; x_wconf 82' lang='lat' dir='ltr'>At</span> <span class='ocrx_word' id='word_1_140' title='bbox 219 2916 273 2976; x_wconf 83' lang='lat' dir='ltr'>vix</span> <span class='ocrx_word' id='word_1_141' title='bbox 297 2915 385 2976; x_wconf 86' lang='lat' dir='ltr'>Iesus</span> <span class='ocrx_word' id='word_1_142' title='bbox 406 2934 465 2976; x_wconf 86' lang='lat' dir='ltr'>ora</span> <span class='ocrx_word' id='word_1_143' title='bbox 485 2913 635 2998; x_wconf 84' lang='lat' dir='ltr'>dignatus</span> <span class='ocrx_word' id='word_1_144' title='bbox 658 2937 715 2978; x_wconf 87' lang='lat' dir='ltr'>suo</span> <span class='ocrx_word' id='word_1_145' title='bbox 739 2952 742 2957; x_wconf 92' lang='lat'>·</span> 
     </span>
    </p>

    <p class='ocr_par' dir='ltr' id='par_1_12' title="bbox 154 3019 976 3204">
     <span class='ocr_line' id='line_1_25' title="bbox 157 3019 825 3102; baseline 0.004 -23"><span class='ocrx_word' id='word_1_146' title='bbox 157 3021 257 3080; x_wconf 87' lang='lat' dir='ltr'>Inane</span> <span class='ocrx_word' id='word_1_147' title='bbox 273 3038 398 3092; x_wconf 85' lang='lat' dir='ltr'>monus,</span> <span class='ocrx_word' id='word_1_148' title='bbox 418 3019 544 3100; x_wconf 80' lang='lat' dir='ltr'>respuit</span> <span class='ocrx_word' id='word_1_149' title='bbox 564 3040 687 3102; x_wconf 84' lang='lat' dir='ltr'>poenae</span> <span class='ocrx_word' id='word_1_150' title='bbox 708 3041 825 3096; x_wconf 87' lang='lat' dir='ltr'>moras,</span> 
     </span>
     <span class='ocr_line' id='line_1_26' title="bbox 154 3119 976 3204; baseline 0.004 -23"><span class='ocrx_word' id='word_1_151' title='bbox 154 3123 320 3204; x_wconf 90' lang='lat' dir='ltr'>Luctuque</span> <span class='ocrx_word' id='word_1_152' title='bbox 341 3119 421 3182; x_wconf 81' lang='lat' dir='ltr'>forti</span> <span class='ocrx_word' id='word_1_153' title='bbox 442 3133 527 3182; x_wconf 88' lang='lat' dir='ltr'>totus</span> <span class='ocrx_word' id='word_1_154' title='bbox 549 3120 704 3184; x_wconf 85' lang='lat' dir='ltr'>incumbit</span> <span class='ocrx_word' id='word_1_155' title='bbox 727 3124 830 3184; x_wconf 86' lang='lat' dir='ltr'>malis.</span> <span class='ocrx_word' id='word_1_156' title='bbox 896 3142 898 3147; x_wconf 89' lang='lat'>·</span> <span class='ocrx_word' id='word_1_157' title='bbox 974 3148 976 3153; x_wconf 95' lang='lat'>·</span> 
     </span>
    </p>

    <p class='ocr_par' dir='ltr' id='par_1_13' title="bbox 103 3222 1047 3715">
     <span class='ocr_line' id='line_1_27' title="bbox 103 3222 1047 3306; baseline -0.002 -21"><span class='ocrx_word' id='word_1_158' title='bbox 103 3227 287 3306; x_wconf 78' lang='lat' dir='ltr'>solamque</span> <span class='ocrx_word' id='word_1_159' title='bbox 308 3243 385 3286; x_wconf 84' lang='lat' dir='ltr'>acce</span> <span class='ocrx_word' id='word_1_160' title='bbox 408 3222 512 3305; x_wconf 87' lang='lat' dir='ltr'>ruptis</span> <span class='ocrx_word' id='word_1_161' title='bbox 532 3222 667 3304; x_wconf 84' lang='lat' dir='ltr'>pervios</span> <span class='ocrx_word' id='word_1_162' title='bbox 687 3225 779 3285; x_wconf 84' lang='lat' dir='ltr'>venis</span> <span class='ocrx_word' id='word_1_163' title='bbox 800 3223 901 3306; x_wconf 82' lang='lat' dir='ltr'>podes</span> <span class='ocrx_word' id='word_1_164' title='bbox 996 3231 1001 3270; x_wconf 67' lang='lat' dir='ltr'>i</span> <span class='ocrx_word' id='word_1_165' title='bbox 1026 3230 1047 3268; x_wconf 54' lang='grc' dir='ltr'>ι’</span> 
     </span>
     <span class='ocr_line' id='line_1_28' title="bbox 157 3323 977 3408; baseline -0.005 -22"><span class='ocrx_word' id='word_1_166' title='bbox 157 3327 295 3386; x_wconf 88' lang='lat' dir='ltr'>Ferrum</span> <span class='ocrx_word' id='word_1_167' title='bbox 315 3326 499 3407; x_wconf 83' lang='lat' dir='ltr'>premebat:</span> <span class='ocrx_word' id='word_1_168' title='bbox 522 3323 710 3387; x_wconf 84' lang='lat' dir='ltr'>brachiaiu</span> <span class='ocrx_word' id='word_1_169' title='bbox 732 3331 838 3408; x_wconf 82' lang='lat' dir='ltr'>partes</span> <span class='ocrx_word' id='word_1_170' title='bbox 859 3323 947 3385; x_wconf 82' lang='lat' dir='ltr'>duas·</span> <span class='ocrx_word' id='word_1_171' title='bbox 973 3374 977 3381; x_wconf 93' lang='lat'><em>.</em></span> 
     </span>
     <span class='ocr_line' id='line_1_29' title="bbox 154 3426 990 3510; baseline -0.005 -23"><span class='ocrx_word' id='word_1_172' title='bbox 154 3426 311 3490; x_wconf 88' lang='lat' dir='ltr'>Diducta:</span> <span class='ocrx_word' id='word_1_173' title='bbox 335 3427 464 3510; x_wconf 86' lang='lat' dir='ltr'>gemino</span> <span class='ocrx_word' id='word_1_174' title='bbox 488 3426 619 3489; x_wconf 86' lang='lat' dir='ltr'>vulnere</span> <span class='ocrx_word' id='word_1_175' title='bbox 642 3426 814 3490; x_wconf 83' lang='lat' dir='ltr'>adstrictae</span> <span class='ocrx_word' id='word_1_176' title='bbox 831 3448 950 3488; x_wconf 80' lang='lat' dir='ltr'>manus.</span> <span class='ocrx_word' id='word_1_177' title='bbox 970 3460 990 3483; x_wconf 21' lang='grc' dir='ltr'>Δ,</span> 
     </span>
     <span class='ocr_line' id='line_1_30' title="bbox 155 3527 977 3610; baseline 0.004 -22"><span class='ocrx_word' id='word_1_178' title='bbox 155 3530 241 3588; x_wconf 90' lang='lat' dir='ltr'>Dum</span> <span class='ocrx_word' id='word_1_179' title='bbox 264 3543 349 3592; x_wconf 86' lang='lat' dir='ltr'>tauta</span> <span class='ocrx_word' id='word_1_180' title='bbox 368 3529 487 3610; x_wconf 89' lang='lat' dir='ltr'>patitur</span> <span class='ocrx_word' id='word_1_181' title='bbox 508 3542 659 3603; x_wconf 87' lang='lat' dir='ltr'>monstra,</span> <span class='ocrx_word' id='word_1_182' title='bbox 685 3527 760 3590; x_wconf 86' lang='lat' dir='ltr'>dum</span> <span class='ocrx_word' id='word_1_183' title='bbox 781 3528 874 3590; x_wconf 85' lang='lat' dir='ltr'>tellus</span> <span class='ocrx_word' id='word_1_184' title='bbox 897 3528 977 3591; x_wconf 83' lang='lat' dir='ltr'>abit=</span> 
     </span>
     <span class='ocr_line' id='line_1_31' title="bbox 156 3630 904 3715; baseline -0.001 -24"><span class='ocrx_word' id='word_1_185' title='bbox 156 3630 316 3715; x_wconf 78' lang='lat' dir='ltr'>Surgouta</span> <span class='ocrx_word' id='word_1_186' title='bbox 337 3645 466 3708; x_wconf 70' lang='lat' dir='ltr'>muoso,</span> <span class='ocrx_word' id='word_1_187' title='bbox 489 3630 595 3715; x_wconf 79' lang='lat' dir='ltr'>deque</span> <span class='ocrx_word' id='word_1_188' title='bbox 616 3630 749 3705; x_wconf 80' lang='lat' dir='ltr'>sublimi</span> <span class='ocrx_word' id='word_1_189' title='bbox 769 3632 904 3694; x_wconf 74' lang='lat' dir='ltr'>rubeus</span> 
     </span>
    </p>
   </div>
   <div class='ocr_carea' id='block_1_4' title="bbox 0 0 1190 4282">
    <p class='ocr_par' dir='ltr' id='par_1_14' title="bbox 0 0 1190 4282">
     <span class='ocr_line' id='line_1_32' title="bbox 0 0 1190 4282; baseline 0 0"><span class='ocrx_word' id='word_1_190' title='bbox 0 0 1190 4282; x_wconf 95' lang='lat' dir='ltr'> </span> 
     </span>
    </p>
   </div>
  </div>
 </body>
</html>
