2356 4282
540 449 685 511 Srsanas.

368 754 370 759 -
445 712 562 775 Aetne
586 709 793 775 seminent.
830 715 833 721 ’

471 898 555 950 leniet
567 898 767 951 vicennam.

150 1050 224 1148 Quo
246 1073 312 1115 non
333 1064 482 1136 potentes
505 1050 622 1135 imperi
644 1071 680 1114 ac
696 1049 830 1129 ssdeeeris
849 1046 941 1132 rapit

148 1154 339 1239 Flammatus
360 1151 480 1216 ardor?
523 1153 609 1252 Quot
628 1173 689 1236 per
709 1173 875 1233 aerumnas
895 1150 1006 1218 brevis

149 1257 256 1319 Usura
277 1255 374 1320 sortis
393 1256 529 1340 petitur!
574 1254 719 1320 Alterius
742 1254 833 1319 labor

149 1356 276 1421 Gradus
299 1373 347 1422 est
366 1357 497 1421 laboris.
521 1357 630 1419 Triste
654 1371 686 1420 et
705 1345 893 1441 implicitum
912 1355 1027 1419 malum

109 1461 127 1515 ⁵
150 1459 351 1545 Graviusque
375 1459 483 1545 seipso
506 1479 645 1544 semper.
690 1458 829 1522 Adverti
852 1459 940 1526 vices

86 1568 117 1578 ''
150 1560 272 1626 Omitte
293 1561 367 1624 satia
390 1583 535 1648 quaeque
557 1561 592 1622 in
614 1561 761 1646 ambiguo
786 1562 860 1626 sitas

146 1665 291 1728 Fortuna
312 1685 390 1749 opes
413 1663 575 1749 convellit.
619 1664 671 1727 Ad
691 1679 800 1728 votum
822 1662 928 1727 omnia

149 1766 294 1830 Cessisse
318 1767 369 1830 fac
390 1766 567 1852 facilesque
590 1765 742 1852 pugnanti
764 1766 823 1830 tibi

151 1870 278 1934 Favere
299 1871 452 1954 Superos.
495 1869 587 1933 Nulla
609 1856 673 1933 non
694 1870 794 1954 partis
816 1883 922 1932 tamen

96 1977 131 2030 10
152 1972 233 2033 Sunt
255 1971 402 2056 imperiis
423 1972 629 2055 leviorapper
650 1956 775 2035 facinus
797 1972 888 2052 mala.

150 2072 216 2136 Sed
238 2072 324 2159 quod
345 2070 476 2158 paratis,
498 2072 673 2158 quamlibet
695 2074 787 2157 culpa
807 2085 930 2149 vacent,

148 2176 301 2259 Umquam
324 2172 472 2237 fruendis
493 2189 617 2258 tempus
643 2189 695 2239 aut
716 2175 848 2260 requies
869 2172 982 2239 datur?

150 2277 272 2340 Secura
294 2278 347 2339 lux
370 2290 419 2340 est
439 2271 534 2353 nulla,
562 2298 619 2339 seu
640 2276 720 2339 betti
742 2291 844 2341 metus

148 2363 317 2443 Sen'belia
340 2378 495 2442 crucient.
543 2377 641 2441 Aliud
663 2401 703 2442 ex
724 2379 786 2443 alio
810 2379 896 2443 subit

96 2494 131 2550 15
149 2480 252 2544 Maius
278 2480 446 2564 periclum.
492 2483 594 2564 Saeva
615 2482 755 2546 Lernaei
774 2482 862 2545 lacus

147 2582 298 2646 Rediiste
322 2581 409 2646 dicas
429 2597 582 2646 monstra.
628 2584 731 2683 Quam
752 2583 886 2649 brevior
906 2585 957 2648 via
977 2599 1027 2649 est

147 2687 212 2748 Aut
235 2704 356 2771 cupere
378 2684 471 2762 nihil,
495 2701 546 2749 aut
565 2707 661 2771 nesse
682 2672 1005 2770 cupiendi'modum!

150 2847 354 2859 -u-——n—

216 2938 254 2996 V.
275 2941 300 2994 1.
323 2952 388 3010 sqq.
413 2933 503 2991 Jeriel
522 2933 572 2991 ch.
591 2931 739 2989 funestum
755 2930 825 2989 belli
844 2932 952 2988 exitum
967 2922 1074 2988 omine-

147 3032 207 3091 tnr,
228 3031 257 3077 et
271 3017 383 3079 Sisarae
401 3021 529 3097 suadere
546 3020 653 3088 statuit,
671 3030 705 3075 ut
724 3016 818 3076 eidem
836 3019 922 3076 finem
938 3019 1075 3095 imponet.

215 3112 251 3183 Vss
270 3132 295 3184 3.
316 3124 445 3181 Alterius
467 3123 576 3179 laboris
599 3119 705 3197 gradus
727 3133 770 3179 est
792 3122 888 3192 labor,
914 3123 989 3179 alter
1004 3123 1075 3181 atta-

146 3230 213 3269 rutn
231 3212 330 3288 gignit.

215 3319 253 3376 V.
266 3324 298 3392 tt.
319 3316 443 3398 Quaevis
468 3325 564 3373 tamen
587 3313 663 3369 mata
685 3313 796 3371 leviore
820 3323 886 3370 sunt
909 3314 1001 3388 p'srtis
1017 3332 1073 3390 per

146 3401 257 3458 facinus
279 3403 420 3477 imperiis,

212 3508 248 3568 V.
274 3515 314 3567 15.
335 3507 434 3582 Hydra
451 3506 670 3575 renascentibus
694 3504 837 3580 capitibus
854 3515 1017 3565 monstrosa
1035 3504 1072 3562 ab

143 3594 271 3651 Hercule
292 3610 383 3653 caesa.
