2356 4282
97 447 160 519 162
495 447 617 512 Gnoru

164 617 271 681 Exitia
292 618 475 682 machinare
497 616 649 693 terrifica,
670 614 814 692 horrida,

164 721 312 785 Nondum
334 737 471 806 reperta.
494 722 609 785 Facis?
631 744 671 784 an
691 722 771 784 haec
793 720 893 784 faciet
912 740 1025 782 manus

166 824 261 921 Quod
281 839 315 886 tu
337 824 488 888 recusas?
510 824 591 887 Dira
612 823 815 908 caeligenum
834 824 966 886 exulum

165 927 288 989 Feralis
311 927 416 1008 acies3
439 943 510 990 nata
529 927 645 1011 punire
668 927 787 1010 impios

113 1033 146 1084 55
164 1030 206 1090 Et
226 1029 347 1106 faeere,
372 1029 450 1114 quid
469 1052 519 1092 me
540 1031 657 1092 hostile
680 1027 926 1103 circumsistitis,

165 1131 252 1227 Quid
273 1132 451 1196 territatis‘?
470 1137 576 1194 Iamne
599 1130 682 1215 apud
703 1153 812 1194 manes
832 1152 903 1193 mea

164 1235 305 1298 Decreta
326 1256 431 1317 poena
451 1234 520 1298 cati
542 1235 656 1314 vani03
683 1255 776 1318 quam
797 1249 924 1317 partem
946 1233 997 1295 sui

164 1336 246 1397 Mihi
269 1359 380 1401 saevus
401 1339 505 1423 aperit
526 1337 661 1409 career?
680 1337 773 1412 hane,
799 1336 855 1397 ubi
877 1336 1018 1399 rontium

163 1441 260 1503 Pater
280 1441 347 1516 ille,
371 1441 462 1504 euius
483 1462 548 1503 non
568 1441 671 1502 litanti
690 1439 821 1502 dextera

115 1547 149 1605 60
165 1543 280 1606 Frater
300 1543 441 1607 recentia
462 1557 571 1629 quarta
592 1565 668 1626 pars
689 1541 799 1604 mundi
820 1541 926 1604 iacet?

164 1647 216 1708 An
238 1647 291 1708 illa
311 1648 416 1730 poscit
437 1647 540 1731 regio,
562 1662 745 1710 nostrorum
767 1644 882 1707 ducum

164 1747 226 1811 Ubi
248 1747 340 1811 turba
362 1750 475 1824 maior,
498 1770 578 1833 quos
601 1769 698 1831 super
721 1749 805 1811 mele
827 1746 950 1810 eminet

165 1853 268 1914 Socer
288 1850 440 1926 infidelis,
463 1854 519 1936 qui
539 1873 597 1915 auo
619 1852 711 1913 ferro
733 1851 889 1913 incubans

165 1953 283 2017 Invidit
301 1955 387 2015 hosti
407 1956 518 2036 regiae
541 1953 650 2016 caedis
673 1953 794 2016 decue?

115 2062 147 2118 65
165 2055 275 2117 Placet
295 2069 367 2117 ante
388 2071 520 2119 cunctos
541 2056 607 2132 ille,
633 2056 689 2140 qui
708 2070 801 2139 rapto
823 2056 908 2139 patri

167 2157 256 2220 Solio
279 2158 449 2242 superbus,
470 2158 614 2240 perdidit
634 2159 777 2221 moriens
798 2159 941 2234 humum,

165 2260 289 2323 Ultrice
310 2261 422 2323 rutilas
442 2262 560 2323 arbore
581 2260 755 2343 implicitus
776 2280 893 2323 comas.

164 2364 215 2423 En
237 2361 332 2445 digna
352 2344 427 2423 ¹sese
448 2376 603 2424 monstrat
623 2361 663 2424 ad
684 2363 783 2425 letum
806 2362 873 2427 via:

166 2465 292 2548 Sequor
312 2465 415 2544 hunc;
438 2467 542 2527 Iesum
562 2485 697 2548 praeeo:
720 2465 879 2548 supplicio
899 2464 988 2548 paria

114 2579 148 2632 70
165 2566 282 2629 Anima
301 2582 464 2631 anteverte
485 2567 620 2629 sceleris
642 2582 790 2631 eventum
809 2566 867 2630 tui.

330 2733 450 2786 Pontius
468 2733 592 2786 Paratus.
630 2733 725 2785 Turba
742 2734 922 2786 Iudaeorum.

164 2853 332 2928 Horresco
354 2868 457 2917 totus:
480 2875 542 2918 nee
563 2854 643 2940 quid
664 2869 717 2918 aut
736 2855 847 2919 sileam
868 2869 923 2919 aut
943 2854 1055 2940 loquar

164 2957 324 3048 Dec'ernit
346 2958 483 3022 animus:
505 2959 646 3022 liberant
666 2960 757 3042 leges
777 2975 889 3039 reum3

232 3173 266 3226 V.
292 3177 334 3228 59.
365 3173 453 3225 Pater
474 3171 600 3225 sontium
624 3172 654 3226 h.
680 3188 704 3225 e.
728 3171 841 3239 cairus,
865 3171 950 3226 euius
975 3169 1087 3227 dextera

165 3271 263 3311 caesus
281 3254 365 3323 Abel,
383 3256 495 3329 generis
511 3257 628 3312 humani
648 3268 752 3331 quarta
768 3273 837 3329 para
854 3254 935 3311 iacet.

232 3344 271 3398 V·
295 3347 338 3401 63.
380 3344 474 3401 Socer
496 3343 622 3401 infidelia
648 3361 685 3405 ec.
708 3343 830 3412 Devidi,‘
855 3342 925 3406 Saul
948 3363 1011 3402 rex.
1048 3342 1090 3402 cf.

165 3435 178 3486 1
199 3431 270 3574 Reii.
288 3435 335 3574 36i3.
355 3534 420 3592 aqq.
436 3517 565 3575 Absalon
578 3517 697 3575 rebellia
709 3516 813 3574 Davidi
830 3517 915 3574 filius·
934 3517 1011 3580 (15.2
1024 3521 1091 3594 Reg.

165 3606 208 3668 18,
228 3607 268 3660 te.
314 3614 317 3619 '
876 3606 878 3611 ’
