<?xml version="1.0" encoding="UTF-8"?>
<!DOCTYPE html PUBLIC "-//W3C//DTD XHTML 1.0 Transitional//EN"
    "http://www.w3.org/TR/xhtml1/DTD/xhtml1-transitional.dtd">
<html xmlns="http://www.w3.org/1999/xhtml" xml:lang="en" lang="en">
 <head>
  <title>
</title>
<meta http-equiv="Content-Type" content="text/html;charset=utf-8" />
  <meta name='ocr-system' content='tesseract 3.04.00' />
  <meta name='ocr-capabilities' content='ocr_page ocr_carea ocr_par ocr_line ocrx_word'/>
</head>
<body>
  <div class='ocr_page' id='page_1' title='image "./tragoediaeselec00malagoog_0071.png"; bbox 0 0 2356 4282; ppageno 0'>
   <div class='ocr_carea' id='block_1_1' title="bbox 532 451 675 516">
    <p class='ocr_par' dir='ltr' id='par_1_1' title="bbox 532 451 675 516">
     <span class='ocr_line' id='line_1_1' title="bbox 532 451 675 516; baseline 0.014 -4"><span class='ocrx_word' id='word_1_1' title='bbox 532 451 675 516; x_wconf 70' lang='lat' dir='ltr'><strong>Parum</strong></span> 
     </span>
    </p>
   </div>
   <div class='ocr_carea' id='block_1_2' title="bbox 208 617 1059 1018">
    <p class='ocr_par' dir='ltr' id='par_1_2' title="bbox 208 617 1059 1018">
     <span class='ocr_line' id='line_1_2' title="bbox 208 617 989 706; baseline 0.004 -23"><span class='ocrx_word' id='word_1_2' title='bbox 208 623 378 706; x_wconf 81' lang='lat' dir='ltr'><strong>Largoqus</strong></span> <span class='ocrx_word' id='word_1_3' title='bbox 401 640 519 703; x_wconf 84' lang='lat' dir='ltr'><strong>corpus</strong></span> <span class='ocrx_word' id='word_1_4' title='bbox 539 617 671 682; x_wconf 87' lang='lat' dir='ltr'><strong>flumine</strong></span> <span class='ocrx_word' id='word_1_5' title='bbox 693 619 874 684; x_wconf 74' lang='lat' dir='ltr'><strong>exanimum</strong></span> <span class='ocrx_word' id='word_1_6' title='bbox 894 634 989 687; x_wconf 67' lang='lat' dir='ltr'><strong>natae</strong></span> 
     </span>
     <span class='ocr_line' id='line_1_3' title="bbox 208 723 905 807; baseline 0.003 -21"><span class='ocrx_word' id='word_1_7' title='bbox 208 728 279 786; x_wconf 82' lang='lat' dir='ltr'><strong>Hac</strong></span> <span class='ocrx_word' id='word_1_8' title='bbox 301 724 355 786; x_wconf 90' lang='lat' dir='ltr'><strong>ille</strong></span> <span class='ocrx_word' id='word_1_9' title='bbox 378 724 488 807; x_wconf 80' lang='lat' dir='ltr'><strong>speeie</strong></span> <span class='ocrx_word' id='word_1_10' title='bbox 509 723 621 799; x_wconf 80' lang='lat' dir='ltr'><strong>iaceat,</strong></span> <span class='ocrx_word' id='word_1_11' title='bbox 642 738 678 787; x_wconf 90' lang='lat' dir='ltr'><strong>ut</strong></span> <span class='ocrx_word' id='word_1_12' title='bbox 697 724 755 788; x_wconf 84' lang='lat' dir='ltr'><strong>leti</strong></span> <span class='ocrx_word' id='word_1_13' title='bbox 776 723 905 788; x_wconf 87' lang='lat' dir='ltr'><strong>modum</strong></span> 
     </span>
     <span class='ocr_line' id='line_1_4' title="bbox 210 828 1059 924; baseline 0.001 -34"><span class='ocrx_word' id='word_1_14' title='bbox 210 828 367 893; x_wconf 81' lang='lat' dir='ltr'><strong>subiiciat</strong></span> <span class='ocrx_word' id='word_1_15' title='bbox 387 829 489 893; x_wconf 81' lang='lat' dir='ltr'><strong>oeulis</strong></span> <span class='ocrx_word' id='word_1_16' title='bbox 509 829 653 890; x_wconf 83' lang='lat' dir='ltr'><strong>Debora.</strong></span> <span class='ocrx_word' id='word_1_17' title='bbox 675 828 763 924; x_wconf 86' lang='lat' dir='ltr'><strong>Quin</strong></span> <span class='ocrx_word' id='word_1_18' title='bbox 783 843 909 892; x_wconf 76' lang='lat' dir='ltr'><strong>vestem</strong></span> <span class='ocrx_word' id='word_1_19' title='bbox 928 849 1059 915; x_wconf 71' lang='lat' dir='ltr'><strong>aggere.</strong></span> 
     </span>
     <span class='ocr_line' id='line_1_5' title="bbox 210 930 957 1018; baseline 0 -24"><span class='ocrx_word' id='word_1_20' title='bbox 210 933 344 996; x_wconf 86' lang='lat' dir='ltr'><strong>Fessum</strong></span> <span class='ocrx_word' id='word_1_21' title='bbox 365 931 522 996; x_wconf 75' lang='lat' dir='ltr'>accubare</span> <span class='ocrx_word' id='word_1_22' title='bbox 543 930 648 994; x_wconf 83' lang='lat' dir='ltr'><strong>dicam</strong></span> <span class='ocrx_word' id='word_1_23' title='bbox 670 947 702 994; x_wconf 86' lang='lat' dir='ltr'><strong>et</strong></span> <span class='ocrx_word' id='word_1_24' title='bbox 723 931 835 996; x_wconf 82' lang='lat' dir='ltr'><strong>illusos</strong></span> <span class='ocrx_word' id='word_1_25' title='bbox 855 954 957 1018; x_wconf 79' lang='lat' dir='ltr'><strong>agam.</strong></span> 
     </span>
    </p>
   </div>
   <div class='ocr_carea' id='block_1_3' title="bbox 555 1176 789 1228">
    <p class='ocr_par' dir='ltr' id='par_1_3' title="bbox 555 1176 789 1228">
     <span class='ocr_line' id='line_1_6' title="bbox 555 1176 789 1228; baseline -0.017 0"><span class='ocrx_word' id='word_1_26' title='bbox 555 1177 661 1228; x_wconf 82' lang='lat' dir='ltr'><strong><em>Barac.</em></strong></span> <span class='ocrx_word' id='word_1_27' title='bbox 699 1176 789 1227; x_wconf 76' lang='lat' dir='ltr'><strong>Iohel.</strong></span> 
     </span>
    </p>
   </div>
   <div class='ocr_carea' id='block_1_4' title="bbox 142 1317 1135 3358">
    <p class='ocr_par' dir='ltr' id='par_1_4' title="bbox 142 1317 1126 1611">
     <span class='ocr_line' id='line_1_7' title="bbox 142 1317 1126 1417; baseline -0.007 -33"><span class='ocrx_word' id='word_1_28' title='bbox 142 1331 192 1384; x_wconf 86' lang='grc'><strong>210</strong></span> <span class='ocrx_word' id='word_1_29' title='bbox 210 1323 286 1383; x_wconf 82' lang='lat' dir='ltr'><strong>Bar.</strong></span> <span class='ocrx_word' id='word_1_30' title='bbox 304 1318 386 1417; x_wconf 75' lang='lat' dir='ltr'><strong>Quis</strong></span> <span class='ocrx_word' id='word_1_31' title='bbox 406 1340 489 1382; x_wconf 88' lang='lat' dir='ltr'><strong>nuno</strong></span> <span class='ocrx_word' id='word_1_32' title='bbox 504 1318 619 1382; x_wconf 80' lang='lat' dir='ltr'><strong>loous‘?</strong></span> <span class='ocrx_word' id='word_1_33' title='bbox 638 1341 719 1404; x_wconf 85' lang='lat' dir='ltr'><strong>quae</strong></span> <span class='ocrx_word' id='word_1_34' title='bbox 737 1318 858 1382; x_wconf 84' lang='lat' dir='ltr'><strong>latebra</strong></span> <span class='ocrx_word' id='word_1_35' title='bbox 875 1318 1048 1403; x_wconf 83' lang='lat' dir='ltr'><strong>fugitivum</strong></span> <span class='ocrx_word' id='word_1_36' title='bbox 1059 1317 1126 1402; x_wconf 79' lang='lat' dir='ltr'><strong>tegit</strong></span> 
     </span>
     <span class='ocr_line' id='line_1_8' title="bbox 212 1423 1006 1521; baseline -0.003 -34"><span class='ocrx_word' id='word_1_37' title='bbox 212 1423 374 1488; x_wconf 77' lang='lat' dir='ltr'><strong>sisaram?</strong></span> <span class='ocrx_word' id='word_1_38' title='bbox 398 1423 479 1521; x_wconf 78' lang='lat' dir='ltr'><strong>Quis</strong></span> <span class='ocrx_word' id='word_1_39' title='bbox 500 1424 588 1485; x_wconf 87' lang='lat' dir='ltr'><strong>illum</strong></span> <span class='ocrx_word' id='word_1_40' title='bbox 610 1446 743 1487; x_wconf 87' lang='lat' dir='ltr'><strong>nemore</strong></span> <span class='ocrx_word' id='word_1_41' title='bbox 767 1438 894 1487; x_wconf 75' lang='lat' dir='ltr'><strong>secreto</strong></span> <span class='ocrx_word' id='word_1_42' title='bbox 916 1425 1006 1486; x_wconf 84' lang='lat' dir='ltr'><strong>avius</strong></span> 
     </span>
     <span class='ocr_line' id='line_1_9' title="bbox 210 1526 970 1611; baseline -0.001 -22"><span class='ocrx_word' id='word_1_43' title='bbox 210 1528 339 1610; x_wconf 83' lang='lat' dir='ltr'><strong>Eripuit</strong></span> <span class='ocrx_word' id='word_1_44' title='bbox 360 1528 462 1590; x_wconf 83' lang='lat' dir='ltr'><strong>oculis</strong></span> <span class='ocrx_word' id='word_1_45' title='bbox 483 1527 593 1589; x_wconf 81' lang='lat' dir='ltr'><strong>callis?</strong></span> <span class='ocrx_word' id='word_1_46' title='bbox 614 1529 665 1589; x_wconf 82' lang='lat' dir='ltr'><strong>Au</strong></span> <span class='ocrx_word' id='word_1_47' title='bbox 685 1528 805 1590; x_wconf 82' lang='lat' dir='ltr'><strong>frustra</strong></span> <span class='ocrx_word' id='word_1_48' title='bbox 827 1526 970 1611; x_wconf 75' lang='lat' dir='ltr'><strong>sequor?</strong></span> 
     </span>
    </p>

    <p class='ocr_par' dir='ltr' id='par_1_5' title="bbox 209 1628 1021 1808">
     <span class='ocr_line' id='line_1_10' title="bbox 210 1628 1021 1712; baseline 0.001 -23"><span class='ocrx_word' id='word_1_49' title='bbox 210 1628 319 1692; x_wconf 83' lang='lat' dir='ltr'><strong>Effare</strong></span> <span class='ocrx_word' id='word_1_50' title='bbox 340 1631 467 1692; x_wconf 84' lang='lat' dir='ltr'><strong>mulier.</strong></span> <span class='ocrx_word' id='word_1_51' title='bbox 490 1633 559 1693; x_wconf 66' lang='lat' dir='ltr'><strong><em>lale.</em></strong></span> <span class='ocrx_word' id='word_1_52' title='bbox 585 1633 702 1692; x_wconf 81' lang='lat' dir='ltr'><strong>Lassus</strong></span> <span class='ocrx_word' id='word_1_53' title='bbox 725 1644 757 1692; x_wconf 87' lang='lat' dir='ltr'><strong>et</strong></span> <span class='ocrx_word' id='word_1_54' title='bbox 777 1651 889 1692; x_wconf 86' lang='lat' dir='ltr'><strong>somno</strong></span> <span class='ocrx_word' id='word_1_55' title='bbox 911 1630 1021 1712; x_wconf 81' lang='lat' dir='ltr'><strong>gravis</strong></span> 
     </span>
     <span class='ocr_line' id='line_1_11' title="bbox 209 1732 1015 1808; baseline -0.002 -13"><span class='ocrx_word' id='word_1_56' title='bbox 209 1733 307 1795; x_wconf 88' lang='lat' dir='ltr'>Domi</span> <span class='ocrx_word' id='word_1_57' title='bbox 330 1747 379 1794; x_wconf 86' lang='lat' dir='ltr'><strong>est</strong></span> <span class='ocrx_word' id='word_1_58' title='bbox 401 1734 541 1796; x_wconf 83' lang='lat' dir='ltr'><strong>relictus.</strong></span> <span class='ocrx_word' id='word_1_59' title='bbox 564 1732 772 1796; x_wconf 87' lang='lat' dir='ltr'><strong>Commodum</strong></span> <span class='ocrx_word' id='word_1_60' title='bbox 794 1732 923 1795; x_wconf 87' lang='lat' dir='ltr'><strong>occurri</strong></span> <span class='ocrx_word' id='word_1_61' title='bbox 943 1732 1015 1808; x_wconf 86' lang='lat' dir='ltr'><strong>tibi,</strong></span> 
     </span>
    </p>

    <p class='ocr_par' dir='ltr' id='par_1_6' title="bbox 142 1834 1135 2330">
     <span class='ocr_line' id='line_1_12' title="bbox 142 1834 1003 1918; baseline -0.005 -17"><span class='ocrx_word' id='word_1_62' title='bbox 142 1848 193 1901; x_wconf 80' lang='lat'><strong>215</strong></span> <span class='ocrx_word' id='word_1_63' title='bbox 212 1836 297 1897; x_wconf 92' lang='lat' dir='ltr'><strong>Dum</strong></span> <span class='ocrx_word' id='word_1_64' title='bbox 319 1850 420 1897; x_wconf 83' lang='lat' dir='ltr'><strong>castra</strong></span> <span class='ocrx_word' id='word_1_65' title='bbox 441 1851 595 1918; x_wconf 83' lang='lat' dir='ltr'><strong>peterem.</strong></span> <span class='ocrx_word' id='word_1_66' title='bbox 620 1838 722 1897; x_wconf 89' lang='lat' dir='ltr'><strong>Fusus</strong></span> <span class='ocrx_word' id='word_1_67' title='bbox 740 1834 794 1896; x_wconf 88' lang='lat' dir='ltr'><strong>hio</strong></span> <span class='ocrx_word' id='word_1_68' title='bbox 816 1834 905 1896; x_wconf 83' lang='lat' dir='ltr'><strong>molli</strong></span> <span class='ocrx_word' id='word_1_69' title='bbox 928 1849 1003 1897; x_wconf 86' lang='lat' dir='ltr'><strong>toro</strong></span> 
     </span>
     <span class='ocr_line' id='line_1_13' title="bbox 212 1937 1130 2023; baseline -0.008 -21"><span class='ocrx_word' id='word_1_70' title='bbox 212 1941 383 2023; x_wconf 83' lang='lat' dir='ltr'><strong>Utramque</strong></span> <span class='ocrx_word' id='word_1_71' title='bbox 397 1938 431 1998; x_wconf 88' lang='lat' dir='ltr'><strong>in</strong></span> <span class='ocrx_word' id='word_1_72' title='bbox 453 1959 561 2000; x_wconf 80' lang='lat' dir='ltr'><strong>aurem</strong></span> <span class='ocrx_word' id='word_1_73' title='bbox 574 1937 704 2000; x_wconf 81' lang='lat' dir='ltr'><strong>dormit.</strong></span> <span class='ocrx_word' id='word_1_74' title='bbox 729 1941 806 2000; x_wconf 79' lang='lat' dir='ltr'><strong>Bar.</strong></span> <span class='ocrx_word' id='word_1_75' title='bbox 827 1937 912 1998; x_wconf 86' lang='lat' dir='ltr'><strong>Huic</strong></span> <span class='ocrx_word' id='word_1_76' title='bbox 925 1957 1019 1999; x_wconf 80' lang='lat' dir='ltr'><strong>cesso</strong></span> <span class='ocrx_word' id='word_1_77' title='bbox 1031 1957 1130 1999; x_wconf 76' lang='lat' dir='ltr'><strong>munus</strong></span> 
     </span>
     <span class='ocr_line' id='line_1_14' title="bbox 213 2039 1098 2126; baseline -0.001 -23"><span class='ocrx_word' id='word_1_78' title='bbox 213 2042 363 2104; x_wconf 78' lang='lat' dir='ltr'><strong>iniicere.</strong></span> <span class='ocrx_word' id='word_1_79' title='bbox 386 2044 456 2105; x_wconf 81' lang='grc' dir='ltr'><em>ΙαΙι.</em></span> <span class='ocrx_word' id='word_1_80' title='bbox 479 2043 619 2124; x_wconf 84' lang='lat' dir='ltr'><strong>Propius</strong></span> <span class='ocrx_word' id='word_1_81' title='bbox 643 2041 792 2126; x_wconf 81' lang='lat' dir='ltr'><strong>gradere.</strong></span> <span class='ocrx_word' id='word_1_82' title='bbox 817 2040 963 2123; x_wconf 82' lang='lat' dir='ltr'><strong>Sopitum</strong></span> <span class='ocrx_word' id='word_1_83' title='bbox 984 2039 1098 2103; x_wconf 73' lang='lat' dir='ltr'><strong>vides?</strong></span> 
     </span>
     <span class='ocr_line' id='line_1_15' title="bbox 211 2141 1135 2226; baseline -0.006 -19"><span class='ocrx_word' id='word_1_84' title='bbox 211 2147 288 2207; x_wconf 82' lang='lat' dir='ltr'><strong>Bur.</strong></span> <span class='ocrx_word' id='word_1_85' title='bbox 313 2145 344 2208; x_wconf 88' lang='lat'>0</span> <span class='ocrx_word' id='word_1_86' title='bbox 365 2146 491 2206; x_wconf 81' lang='lat' dir='ltr'><strong>coelum</strong></span> <span class='ocrx_word' id='word_1_87' title='bbox 508 2158 541 2205; x_wconf 87' lang='lat' dir='ltr'><strong>et</strong></span> <span class='ocrx_word' id='word_1_88' title='bbox 558 2143 647 2206; x_wconf 89' lang='lat' dir='ltr'><strong>orbis</strong></span> <span class='ocrx_word' id='word_1_89' title='bbox 661 2145 775 2226; x_wconf 83' lang='lat' dir='ltr'><strong>spatia!</strong></span> <span class='ocrx_word' id='word_1_90' title='bbox 797 2141 884 2226; x_wconf 92' lang='lat' dir='ltr'><strong>quod</strong></span> <span class='ocrx_word' id='word_1_91' title='bbox 903 2157 1081 2206; x_wconf 82' lang='lat' dir='ltr'><strong>monstrum</strong></span> <span class='ocrx_word' id='word_1_92' title='bbox 1096 2143 1135 2202; x_wconf 89' lang='lat' dir='ltr'><strong>in·</strong></span> 
     </span>
     <span class='ocr_line' id='line_1_16' title="bbox 211 2241 1135 2330; baseline -0.008 -20"><span class='ocrx_word' id='word_1_93' title='bbox 211 2249 308 2310; x_wconf 75' lang='lat' dir='ltr'><strong>Claro</strong></span> <span class='ocrx_word' id='word_1_94' title='bbox 332 2247 455 2310; x_wconf 79' lang='lat' dir='ltr'><strong>foratus</strong></span> <span class='ocrx_word' id='word_1_95' title='bbox 475 2262 621 2329; x_wconf 82' lang='lat' dir='ltr'><strong>tempora</strong></span> <span class='ocrx_word' id='word_1_96' title='bbox 643 2246 814 2330; x_wconf 80' lang='lat' dir='ltr'><strong>exsanguis</strong></span> <span class='ocrx_word' id='word_1_97' title='bbox 835 2244 925 2306; x_wconf 88' lang='lat' dir='ltr'><strong>Sisar</strong></span> <span class='ocrx_word' id='word_1_98' title='bbox 1037 2241 1135 2324; x_wconf 77' lang='lat' dir='ltr'><strong>[tuori</strong></span> 
     </span>
    </p>

    <p class='ocr_par' dir='ltr' id='par_1_7' title="bbox 143 2347 1081 2825">
     <span class='ocr_line' id='line_1_17' title="bbox 143 2347 860 2434; baseline -0.01 -21"><span class='ocrx_word' id='word_1_99' title='bbox 143 2352 297 2414; x_wconf 75' lang='lat' dir='ltr'><strong>2201aeer</strong></span> <span class='ocrx_word' id='word_1_100' title='bbox 319 2371 435 2414; x_wconf 85' lang='lat' dir='ltr'><strong>cruore</strong></span> <span class='ocrx_word' id='word_1_101' title='bbox 459 2370 597 2434; x_wconf 83' lang='lat' dir='ltr'><strong>sparsus.</strong></span> <span class='ocrx_word' id='word_1_102' title='bbox 621 2348 651 2412; x_wconf 92' lang='grc' dir='ltr'><strong>Ο</strong></span> <span class='ocrx_word' id='word_1_103' title='bbox 672 2348 752 2409; x_wconf 82' lang='lat' dir='ltr'><strong>felix</strong></span> <span class='ocrx_word' id='word_1_104' title='bbox 772 2347 860 2410; x_wconf 78' lang='lat' dir='ltr'><strong>lohel</strong></span> 
     </span>
     <span class='ocr_line' id='line_1_18' title="bbox 211 2449 998 2539; baseline -0.004 -24"><span class='ocrx_word' id='word_1_105' title='bbox 211 2455 389 2539; x_wconf 85' lang='lat' dir='ltr'><strong>Haberque</strong></span> <span class='ocrx_word' id='word_1_106' title='bbox 411 2449 507 2516; x_wconf 80' lang='lat' dir='ltr'><strong>felix!</strong></span> <span class='ocrx_word' id='word_1_107' title='bbox 532 2453 668 2535; x_wconf 79' lang='lat' dir='ltr'><strong>coniuge</strong></span> <span class='ocrx_word' id='word_1_108' title='bbox 691 2451 762 2513; x_wconf 73' lang='lat' dir='ltr'><strong>hier</strong></span> <span class='ocrx_word' id='word_1_109' title='bbox 786 2451 903 2513; x_wconf 83' lang='lat' dir='ltr'><strong>coniux</strong></span> <span class='ocrx_word' id='word_1_110' title='bbox 924 2453 998 2512; x_wconf 87' lang='lat' dir='ltr'><strong>Deo</strong></span> 
     </span>
     <span class='ocr_line' id='line_1_19' title="bbox 211 2554 1015 2641; baseline -0.004 -23"><span class='ocrx_word' id='word_1_111' title='bbox 211 2558 345 2620; x_wconf 83' lang='lat' dir='ltr'><strong>Tantum</strong></span> <span class='ocrx_word' id='word_1_112' title='bbox 368 2557 543 2641; x_wconf 80' lang='lat' dir='ltr'><strong>imperante</strong></span> <span class='ocrx_word' id='word_1_113' title='bbox 566 2556 700 2618; x_wconf 84' lang='lat' dir='ltr'><strong>facinus.</strong></span> <span class='ocrx_word' id='word_1_114' title='bbox 725 2556 782 2617; x_wconf 85' lang='lat' dir='ltr'><strong>Est</strong></span> <span class='ocrx_word' id='word_1_115' title='bbox 802 2569 891 2617; x_wconf 82' lang='lat' dir='ltr'><strong>certe</strong></span> <span class='ocrx_word' id='word_1_116' title='bbox 912 2554 1015 2615; x_wconf 81' lang='lat' dir='ltr'><strong>Deus.</strong></span> 
     </span>
     <span class='ocr_line' id='line_1_20' title="bbox 211 2655 1081 2721; baseline -0.003 -1"><span class='ocrx_word' id='word_1_117' title='bbox 211 2660 301 2721; x_wconf 83' lang='lat' dir='ltr'><strong>Nunc</strong></span> <span class='ocrx_word' id='word_1_118' title='bbox 324 2658 461 2721; x_wconf 76' lang='lat' dir='ltr'><strong>domitus</strong></span> <span class='ocrx_word' id='word_1_119' title='bbox 484 2656 602 2720; x_wconf 83' lang='lat' dir='ltr'><strong>hostis:</strong></span> <span class='ocrx_word' id='word_1_120' title='bbox 626 2677 711 2719; x_wconf 89' lang='lat' dir='ltr'><strong>nuno</strong></span> <span class='ocrx_word' id='word_1_121' title='bbox 733 2657 827 2718; x_wconf 85' lang='lat' dir='ltr'><strong>ferox</strong></span> <span class='ocrx_word' id='word_1_122' title='bbox 850 2655 970 2719; x_wconf 78' lang='lat' dir='ltr'><strong>cecidit</strong></span> <span class='ocrx_word' id='word_1_123' title='bbox 989 2655 1081 2720; x_wconf 78' lang='lat' dir='ltr'><strong>lubin</strong></span> 
     </span>
     <span class='ocr_line' id='line_1_21' title="bbox 213 2758 840 2825; baseline -0.01 0"><span class='ocrx_word' id='word_1_124' title='bbox 213 2763 353 2825; x_wconf 77' lang='lat' dir='ltr'><strong>cadente</strong></span> <span class='ocrx_word' id='word_1_125' title='bbox 377 2763 493 2823; x_wconf 82' lang='lat' dir='ltr'><strong>Sisara.</strong></span> <span class='ocrx_word' id='word_1_126' title='bbox 519 2761 611 2824; x_wconf 86' lang='lat' dir='ltr'><strong>Solus</strong></span> <span class='ocrx_word' id='word_1_127' title='bbox 634 2780 652 2821; x_wconf 88' lang='lat' dir='ltr'><strong>e</strong></span> <span class='ocrx_word' id='word_1_128' title='bbox 675 2773 757 2821; x_wconf 79' lang='lat' dir='ltr'>tanta</span> <span class='ocrx_word' id='word_1_129' title='bbox 779 2758 840 2820; x_wconf 82' lang='lat' dir='ltr'><strong>fuit</strong></span> 
     </span>
    </p>

    <p class='ocr_par' dir='ltr' id='par_1_8' title="bbox 143 2859 1094 3358">
     <span class='ocr_line' id='line_1_22' title="bbox 143 2859 928 2933; baseline -0.011 -4"><span class='ocrx_word' id='word_1_130' title='bbox 143 2877 193 2930; x_wconf 79' lang='grc'><strong>225</strong></span> <span class='ocrx_word' id='word_1_131' title='bbox 214 2864 403 2933; x_wconf 72' lang='lat' dir='ltr'><strong>Memoridus</strong></span> <span class='ocrx_word' id='word_1_132' title='bbox 426 2865 511 2925; x_wconf 83' lang='lat' dir='ltr'><strong>acie:</strong></span> <span class='ocrx_word' id='word_1_133' title='bbox 536 2865 622 2925; x_wconf 83' lang='lat' dir='ltr'><strong>solus</strong></span> <span class='ocrx_word' id='word_1_134' title='bbox 644 2875 678 2923; x_wconf 92' lang='lat' dir='ltr'><strong>ut</strong></span> <span class='ocrx_word' id='word_1_135' title='bbox 700 2860 829 2923; x_wconf 82' lang='lat' dir='ltr'><strong>credam</strong></span> <span class='ocrx_word' id='word_1_136' title='bbox 851 2859 928 2921; x_wconf 75' lang='lat' dir='ltr'><strong>facit</strong></span> 
     </span>
     <span class='ocr_line' id='line_1_23' title="bbox 213 2959 1054 3047; baseline -0.012 -17"><span class='ocrx_word' id='word_1_137' title='bbox 213 2969 338 3031; x_wconf 86' lang='lat' dir='ltr'><strong>Vicisse</strong></span> <span class='ocrx_word' id='word_1_138' title='bbox 361 2987 412 3027; x_wconf 85' lang='lat' dir='ltr'><strong>me</strong></span> <span class='ocrx_word' id='word_1_139' title='bbox 433 2979 629 3047; x_wconf 77' lang='lat' dir='ltr'><strong>peremptus.</strong></span> <span class='ocrx_word' id='word_1_140' title='bbox 653 2962 757 3033; x_wconf 80' lang='lat' dir='ltr'><strong>Haud,</strong></span> <span class='ocrx_word' id='word_1_141' title='bbox 783 2961 927 3034; x_wconf 87' lang='lat' dir='ltr'><strong>memini,</strong></span> <span class='ocrx_word' id='word_1_142' title='bbox 950 2959 1054 3021; x_wconf 86' lang='lat' dir='ltr'><strong>semel</strong></span> 
     </span>
     <span class='ocr_line' id='line_1_24' title="bbox 212 3060 1021 3144; baseline -0.01 -14"><span class='ocrx_word' id='word_1_143' title='bbox 212 3071 288 3132; x_wconf 81' lang='lat' dir='ltr'>Fata</span> <span class='ocrx_word' id='word_1_144' title='bbox 309 3069 389 3132; x_wconf 83' lang='lat' dir='ltr'><strong>haec</strong></span> <span class='ocrx_word' id='word_1_145' title='bbox 411 3070 545 3128; x_wconf 76' lang='lat' dir='ltr'><strong>eruebat</strong></span> <span class='ocrx_word' id='word_1_146' title='bbox 566 3065 716 3144; x_wconf 81' lang='lat' dir='ltr'><strong>Debora;</strong></span> <span class='ocrx_word' id='word_1_147' title='bbox 744 3064 883 3125; x_wconf 83' lang='lat' dir='ltr'><strong>feminea</strong></span> <span class='ocrx_word' id='word_1_148' title='bbox 907 3060 1021 3124; x_wconf 85' lang='lat' dir='ltr'><strong>ducem</strong></span> 
     </span>
     <span class='ocr_line' id='line_1_25' title="bbox 211 3163 1094 3252; baseline -0.014 -18"><span class='ocrx_word' id='word_1_149' title='bbox 211 3173 334 3234; x_wconf 77' lang='lat' dir='ltr'><strong>Dextra</strong></span> <span class='ocrx_word' id='word_1_150' title='bbox 356 3167 612 3252; x_wconf 88' lang='lat' dir='ltr'><strong>opprimendum.</strong></span> <span class='ocrx_word' id='word_1_151' title='bbox 639 3174 739 3228; x_wconf 75' lang='lat' dir='ltr'><strong>Macte</strong></span> <span class='ocrx_word' id='word_1_152' title='bbox 760 3167 856 3250; x_wconf 81' lang='lat' dir='ltr'><strong>longe</strong></span> <span class='ocrx_word' id='word_1_153' title='bbox 877 3165 983 3226; x_wconf 84' lang='lat' dir='ltr'><strong>auimo</strong></span> <span class='ocrx_word' id='word_1_154' title='bbox 1006 3163 1094 3224; x_wconf 84' lang='lat' dir='ltr'><strong>viros</strong></span> 
     </span>
     <span class='ocr_line' id='line_1_26' title="bbox 211 3268 1080 3358; baseline -0.012 -21"><span class='ocrx_word' id='word_1_155' title='bbox 211 3276 407 3358; x_wconf 82' lang='lat' dir='ltr'><strong>Praegressu</strong></span> <span class='ocrx_word' id='word_1_156' title='bbox 427 3272 559 3336; x_wconf 85' lang='lat' dir='ltr'><strong>mulier!</strong></span> <span class='ocrx_word' id='word_1_157' title='bbox 582 3273 650 3333; x_wconf 64' lang='lat'><em>1011,</em></span> <span class='ocrx_word' id='word_1_158' title='bbox 676 3275 767 3332; x_wconf 83' lang='lat' dir='ltr'><strong>Mene</strong></span> <span class='ocrx_word' id='word_1_159' title='bbox 790 3292 850 3354; x_wconf 82' lang='lat' dir='ltr'><strong>ego</strong></span> <span class='ocrx_word' id='word_1_160' title='bbox 873 3282 906 3330; x_wconf 86' lang='lat' dir='ltr'><strong>ut</strong></span> <span class='ocrx_word' id='word_1_161' title='bbox 928 3268 982 3329; x_wconf 84' lang='lat' dir='ltr'><strong>tali</strong></span> <span class='ocrx_word' id='word_1_162' title='bbox 1005 3288 1080 3328; x_wconf 78' lang='lat' dir='ltr'><strong>reor</strong></span> 
     </span>
    </p>
   </div>
   <div class='ocr_carea' id='block_1_5' title="bbox 212 3503 1140 3674">
    <p class='ocr_par' dir='ltr' id='par_1_9' title="bbox 212 3503 1140 3674">
     <span class='ocr_line' id='line_1_27' title="bbox 280 3503 1140 3584; baseline -0.008 -20"><span class='ocrx_word' id='word_1_163' title='bbox 280 3513 312 3564; x_wconf 81' lang='lat' dir='ltr'><strong>V.</strong></span> <span class='ocrx_word' id='word_1_164' title='bbox 332 3517 391 3568; x_wconf 81' lang='lat'><strong>210.</strong></span> <span class='ocrx_word' id='word_1_165' title='bbox 410 3528 453 3584; x_wconf 72' lang='lat' dir='ltr'><strong>oq.</strong></span> <span class='ocrx_word' id='word_1_166' title='bbox 473 3511 565 3566; x_wconf 80' lang='lat' dir='ltr'><strong>Barac</strong></span> <span class='ocrx_word' id='word_1_167' title='bbox 585 3524 673 3584; x_wconf 81' lang='lat' dir='ltr'><strong>quom</strong></span> <span class='ocrx_word' id='word_1_168' title='bbox 692 3508 854 3583; x_wconf 81' lang='lat' dir='ltr'><strong>insequitur</strong></span> <span class='ocrx_word' id='word_1_169' title='bbox 867 3506 995 3564; x_wconf 79' lang='lat' dir='ltr'><strong>sisaram</strong></span> <span class='ocrx_word' id='word_1_170' title='bbox 1012 3521 1029 3560; x_wconf 77' lang='lat' dir='ltr'>a</span> <span class='ocrx_word' id='word_1_171' title='bbox 1046 3503 1140 3562; x_wconf 79' lang='lat' dir='ltr'><strong>lahelo</strong></span> 
     </span>
     <span class='ocr_line' id='line_1_28' title="bbox 212 3599 559 3674; baseline -0.009 -16"><span class='ocrx_word' id='word_1_172' title='bbox 212 3601 423 3658; x_wconf 81' lang='lat' dir='ltr'><strong>obtruncatum</strong></span> <span class='ocrx_word' id='word_1_173' title='bbox 440 3599 559 3674; x_wconf 83' lang='lat' dir='ltr'><strong>reperit.</strong></span> 
     </span>
    </p>
   </div>
   <div class='ocr_carea' id='block_1_6' title="bbox 0 0 1182 4282">
    <p class='ocr_par' dir='ltr' id='par_1_10' title="bbox 0 0 1182 4282">
     <span class='ocr_line' id='line_1_29' title="bbox 0 0 1182 4282; baseline 0 0"><span class='ocrx_word' id='word_1_174' title='bbox 0 0 1182 4282; x_wconf 95' lang='lat' dir='ltr'><strong> </strong></span> 
     </span>
    </p>
   </div>
  </div>
 </body>
</html>
