2356 4282
517 451 689 514 Sarnous.

136 618 215 682 Inde
235 619 422 685 morborum
442 621 628 684 incubuisse
646 621 746 684 tertia

136 725 262 808 Agmen
284 740 315 787 et
335 737 435 788 totum
455 726 596 787 tenuisse
618 724 778 785 mundum.

135 831 226 888 Haec
248 825 312 888 fide
334 842 424 892 vates
442 842 622 891 memorent
643 829 777 910 Pelasga

134 930 177 990 Et
199 929 262 992 coli
283 929 322 990 ad
343 930 451 992 lumen
471 931 639 992 celebrent
659 930 784 992 aniles:

58 1033 115 1088 315
135 1034 204 1096 Eva
225 1032 408 1096 Pandoram
428 1032 507 1096 iacit
530 1034 735 1096 innocentem

133 1135 176 1198 Et
198 1135 269 1220 capi
290 1134 424 1198 blandae
446 1135 553 1200 facilis
573 1136 706 1198 maritae

346 1239 484 1302 Uxorius
505 1239 616 1302 Adam.

135 1346 297 1425 Tempore
321 1362 360 1404 ex
382 1343 438 1404 illo
461 1341 641 1404 miseranda
662 1341 771 1424 proles

133 1445 300 1507 Nascimur
321 1460 456 1508 matrum
478 1466 582 1528 prope
604 1443 796 1529 parricidae,
897 1444 901 1450 ’

55 1550 113 1603 3²⁰
135 1550 225 1614 Voce
247 1548 353 1610 testati
374 1548 560 1631 gemituque
582 1548 689 1629 primo

134 1650 239 1713 Omen
263 1649 434 1711 infaustum
456 1649 603 1735 genitalis
625 1650 735 1713 horae.

133 1757 259 1815 Terror
278 1751 410 1814 Alcides
430 1755 569 1815 Nemeae
590 1751 734 1814 ferarum

134 1855 170 1916 Si
192 1854 253 1917 fuit
276 1855 453 1939 quisquam,
486 1855 548 1917 fuit
569 1855 624 1917 ille
645 1869 779 1940 quantus

134 1956 280 2048 Quilibet
301 1973 463 2021 nostrum:
486 1955 583 2021 modo
605 1973 695 2020 natus
717 1957 822 2019 infans

58 2066 111 2119 325
135 2058 281 2153 Quaesiit
301 2060 416 2132 lucem,
440 2074 472 2122 et
493 2061 614 2144 gemuit
633 2074 767 2144 reperta

341 2164 427 2224 Luce
449 2163 601 2224 misellus.

134 2265 267 2328 Scilicet
288 2285 384 2327 cunas
403 2285 486 2347 puer
508 2264 594 2327 inter
616 2279 717 2328 arctas

134 2369 253 2430 Guttur
274 2366 360 2428 elisit
380 2366 534 2430 tumidum
556 2367 717 2446 colubria3

134 2471 308 2532 Maximum
331 2469 431 2534 credo
456 2469 581 2532 facinus
602 2469 739 2552 patravit

62 2579 114 2632 3³0
133 2576 176 2635 Et
198 2594 255 2634 suo
276 2570 409 2656 ¹dignum
432 2575 516 2648 love,
541 2573 754 2656 noctibusque

131 2675 289 2759 Nequiter
311 2673 428 2736 iunctis
447 2676 532 2736 bene
555 2695 628 2736 cum
648 2674 784 2756 papillas

132 2777 275 2841 Uberum
295 2777 420 2860 pressis
440 2776 544 2839 tenuit
564 2775 700 2838 labellis.

173 2883 242 2942 Nec
266 2880 480 2963 superborum
502 2879 630 2964 potiora
650 2878 773 2942 nostris

130 2985 203 3042 lura
225 2983 344 3045 natales
365 2981 509 3045 habuere
530 3003 660 3066 regumt

61 3085 202 3147 cassina
225 3085 300 3147 licet
322 3084 398 3148 festi
417 3085 548 3170 populo,
571 3084 665 3146 fuere
701 3088 704 3094 “

131 3186 275 3249 Flebiles
296 3203 370 3251 nato
392 3187 594 3270 miseraeque
615 3185 720 3248 matri.

94 3355 96 3365 q
175 3289 241 3385 Qui
263 3289 359 3352 modo
381 3304 487 3353 aurata
510 3288 617 3352 radias
639 3309 759 3352 corona

131 3393 314 3478 squallidus
336 3396 480 3479 gemnis,
503 3394 696 3478 populisque
720 3393 843 3456 circum

130 3496 265 3580 Sceptra
286 3497 413 3560 moliris
432 3495 603 3560 metuenda
624 3509 770 3558 centum:

60 3607 113 3663 340
131 3599 197 3698 Qui
218 3599 336 3684 pedum
357 3599 438 3665 irato
459 3600 587 3686 quoties
609 3597 668 3662 sub
690 3597 757 3662 ictu
