2356 4282
108 479 172 547 204
509 483 643 545 Gnoun.

174 649 264 710 Nunc
285 648 352 712 viui
373 650 499 712 laticem
521 651 648 732 palmite
670 652 802 713 coerulo

174 751 352 812 Autumnus
374 751 487 832 pariat,
508 771 592 815 nunc
615 749 745 815 subiens
766 750 878 831 hyems

107 857 157 911 180
174 850 338 913 Tellurem
361 850 469 934 gelido
492 850 599 913 sidere
620 864 789 933 temperet,

173 951 260 1014 ldem
284 972 342 1013 cur
363 951 485 1035 pateris
506 953 587 1014 eolla
609 951 792 1014 nocentium

172 1059 209 1116 ln
230 1055 365 1117 sublime
388 1071 481 1137 caput
502 1055 602 1130 serre,
625 1054 728 1118 bonos
749 1052 879 1137 premi?

172 1158 325 1238 Stuprum
347 1155 446 1218 corde
468 1156 579 1219 ferens
602 1155 752 1230 foemina,
775 1175 915 1237 corpore

172 1257 311 1319 lnsontis
334 1257 481 1339 spolium,
507 1278 601 1321 saeva
623 1257 760 1319 libidine

106 1365 152 1417 185
171 1360 347 1432 Frustrata,
374 1357 499 1420 iuvenis
521 1357 627 1422 vincla
646 1357 830 1441 paciscitur,

169 1461 399 1542 Translatoquc
421 1459 527 1525 virum
548 1460 685 1521 crimine
706 1459 838 1542 decipit,

171 1565 389 1643 Corrumpens
411 1561 550 1623 animum
572 1561 689 1624 iudicis
711 1563 832 1625 osculo.

169 1663 273 1737 Illum,
296 1684 391 1746 quem
412 1662 534 1746 triplici
555 1663 669 1726 muniit
690 1684 809 1748 aggere

170 1766 307 1827 Formae
329 1786 401 1825 rara
424 1784 532 1827 comes
554 1763 689 1827 candida
710 1765 845 1841 castitas,

104 1874 153 1926 19⁰
172 1867 292 1927 Saevus
314 1885 425 1928 carcer
447 1865 562 1944 habet3
586 1882 711 1929 sanctus
732 1880 764 1928 et
783 1866 942 1933 innocens

171 1968 276 2032 Veros
297 1965 381 2027 inter
403 1967 469 2050 egit
489 1966 605 2028 mixtus
624 1966 794 2030 adulteros.

171 2069 229 2128 Ast
252 2066 319 2128 illic
343 2068 447 2142 etiam,
472 2082 587 2150 quauta
609 2068 659 2144 sit,
682 2067 806 2144 edocet,

170 2172 274 2252 Leges
296 2170 451 2233 connubii
471 2170 596 2247 fallere,
621 2169 768 2233 foeditas.

169 2272 306 2334 Miratur
327 2272 454 2334 iuvenis
475 2271 573 2333 verba
594 2272 719 2344 senilia,

104 2378 151 2430 195
169 2378 377 2456 Morataeque
400 2372 498 2435 decus
520 2372 649 2449 frontis,
672 2387 705 2435 et
726 2396 763 2438 os
782 2377 933 2458 probum,

170 2475 274 2558 Atque
297 2474 413 2535 iniecta
434 2475 535 2537 oculis
557 2474 669 2537 fraena
689 2476 896 2558 pudentibus,

170 2577 361 2642 vinctorum
383 2577 539 2658 populus,·
562 2577 703 2639 carceris
726 2593 860 2661 occupet

169 2680 309 2740 Consors
333 2676 479 2741 officium
500 2678 634 2741 iudicis:
657 2680 743 2742 illius

169 2780 276 2846 Vitam
299 2781 434 2864 quisque
457 2779 580 2854 videns,
602 2801 636 2841 se
656 2781 783 2865 peragit
803 2803 906 2846 reum.

100 2894 152 2944 200
169 2881 209 2943 Ut
231 2902 296 2942 non
318 2895 382 2943 tcta
404 2880 487 2964 fugit
506 2902 566 2942 nos
587 2880 670 2943 ratio
689 2882 764 2956 Dei,

170 2983 224 3043 Sic
245 3002 305 3043 uec
327 2996 394 3044 tcta
414 2997 519 3065 petet3
543 2982 726 3046 nonhabet
747 2984 776 3046 is
800 3007 874 3048 suos

168 3087 263 3158 Laxe,
290 3105 354 3146 uon
375 3084 509 3145 nimium
531 3085 690 3164 molliter3
716 3101 750 3149 ut
769 3088 874 3150 bonus

168 3186 242 3245 Dux
265 3183 381 3247 virtute
406 3186 455 3246 sui
478 3184 587 3247 militis
610 3187 717 3262 utitur,

168 3286 346 3371 indicitque
367 3307 501 3369 operas:
526 3289 572 3349 sic
594 3303 685 3370 pater
708 3292 849 3354 omnium

102 3403 151 3455 205
170 3389 246 3454 Vult
268 3388 384 3450 durare
406 3387 496 3450 malis
519 3410 599 3472 quos
621 3405 711 3466 amet,
737 3406 770 3453 et
791 3410 883 3458 cavet

166 3492 213 3552 Ne
236 3510 382 3552 marcore
405 3491 498 3552 situm
521 3504 652 3572 pectora
675 3493 872 3557 contrahunt.

167 3593 289 3658 Verum
312 3613 376 3653 non
399 3592 513 3673 inopes
535 3592 658 3654 interea
679 3607 786 3656 temen
