2356 4282
158 454 219 529 176
557 454 678 519 Gno'ru

155 629 203 681 1⁷5
221 625 347 685 Aurora
369 621 492 686 referat
514 625 688 687 erastinum
707 623 805 688 terris
827 621 933 688 iub'ar.

220 728 313 790 Olaor.
332 724 419 820 Quid
441 725 527 790 hoo?
549 743 684 811 repente
707 726 835 789 subsilit
854 740 945 789 motu
966 725 1077 800 solum,

220 833 264 893 Et
286 843 369 891 stare
392 829 487 892 tellus
507 829 627 909 nescit3
654 843 779 893 auratos
798 842 913 914 tegens

221 931 277 995 Sol
299 932 370 1015 ipse
392 932 497 996 vultus
517 931 619 994 limite
641 932 753 1015 ignoto
769 931 863 1015 fugit.

220 1038 262 1098 Et
284 1033 484 1098 saeculorum
505 1036 578 1119 lege
599 1047 757 1098 contemta
780 1034 882 1097 diem'

154 1143 203 1197 180
221 1137 395 1220 Abrumpit
417 1136 538 1210 aether,
559 1157 686 1221 noxque
708 1135 774 1199 luoi
795 1134 919 1197 debitas

220 1238 342 1309 Invadit
362 1239 467 1304 hores.
493 1237 574 1300 Dira
597 1259 674 1322 quas
695 1249 824 1321 portant
845 1237 949 1299 minas

222 1339 397 1424 Prodigia?
421 1354 539 1424 quanto
562 1353 612 1401 est
633 1340 782 1403 omnibus
803 1338 906 1401 maius
925 1339 1056 1416 melum,

223 1442 319 1538 Quod
340 1463 401 1505 nee
423 1442 473 1504 sui
495 1441 679 1504 meminisse
701 1457 844 1504 naturam
866 1439 967 1504 sinit?

222 1546 287 1608 Sed
307 1546 399 1609 feriit
419 1567 513 1611 aures
534 1566 646 1608 cursus
667 1544 752 1607 haud
772 1544 868 1628 longe
892 1543 1024 1627 pedum.

154 1663 206 1716 185
225 1653 275 1711 Tu
295 1648 441 1732 quisquis
464 1648 519 1710 ille
542 1669 587 1721 es,
610 1669 707 1732 quens
728 1647 803 1710 satis
824 1647 919 1710 nosci
938 1662 1028 1712 vetat

224 1749 334 1833 Caligo
355 1748 475 1823 mundi,
502 1764 564 1811 tam
586 1770 701 1833 graves
723 1748 822 1832 imple
842 1763 954 1823 metus,

223 1855 288 1916 Aut
303 1855 401 1916 solve.
434 1855 534 1917 Nunl.
557 1856 612 1918 alt.
625 1853 745 1917 Periit:
759 1852 871 1916 habuit
881 1867 1034 1918 eventum
1045 1852 1138 1927 furor,

223 1957 389 2018 Damnatis
411 1957 516 2032 astris,
538 1976 709 2040 quemque,
736 1956 764 2016 si
784 1956 899 2038 possit,
923 1957 1004 2019 velit

224 2062 269 2120 Et
288 2072 375 2120 terra
397 2058 523 2143 fugere.
570 2059 664 2121 Odor.
683 2057 735 2118 Nil
757 2078 888 2141 queror.
910 2060 1034 2122 Lneem
1056 2059 1113 2123 tibi

157 2175 206 2227 190
225 2162 358 2225 Coelum
381 2161 520 2224 remitto.
545 2165 594 2222 Tu
612 2175 728 2236 nmen,
755 2159 882 2243 quando
904 2161 996 2246 loqui
1015 2176 1020 2193 ·’

227 2263 329 2327 Nobis
350 2264 498 2326 relietum
521 2278 579 2339 est,
603 2262 716 2326 mortis
739 2259 839 2325 effare
862 2261 1022 2327 ordinem.

221 2370 320 2432 Num.
334 2371 389 2432 ult.
401 2370 598 2430 Uterescere
607 2367 736 2429 umbras
745 2365 846 2442 iussit,
854 2380 888 2429 et
895 2366 1004 2432 medio
1012 2366 1139 2432 aetheris

224 2471 328 2534 Cursu
348 2483 479 2553 peraeto
502 2468 632 2552 longius
654 2469 748 2531 Titan
770 2489 845 2530 snos

224 2574 381 2657 Respexit
400 2587 500 2646 ortus,
524 2572 639 2656 igneae
661 2571 780 2634 sensim
793 2582 913 2635 'comae

156 2693 205 2746 195
224 2678 381 2739 Periere:
404 2677 490 2739 nulla
512 2674 596 2736 nube
617 2673 826 2757 praedoctum
849 2688 944 2756 eaput

223 2781 260 2840 ln
283 2800 317 2840 se
339 2779 492 2856 recessit3
516 2792 628 2860 quarta
650 2779 790 2840 restabat
810 2777 886 2858 polo

225 2883 289 2943 lam
310 2900 385 2964 pars
409 2879 488 2955 diei,
515 2879 543 2940 si
565 2892 670 2941 tamen
691 2876 753 2939 suit
773 2876 837 2940 hoo
859 2875 940 2939 dies.

225 2982 344 3046 Audita
365 3004 427 3047 vox
447 2982 628 3065 pendentis,
654 2981 741 3045 haud
762 2982 887 3066 qualem
909 2978 1029 3045 halitus

227 3089 315 3149 lnter
336 3107 450 3149 necem
471 3087 631 3172 vitamque
652 3087 832 3168 deprensus
854 3083 955 3160 daret,

158 3205 210 3257 200
229 3189 294 3251 Sed
318 3188 415 3252 fortis
437 3204 469 3251 et
492 3210 624 3252 sonora:
648 3187 736 3285 Quid
757 3189 848 3249 Dens
869 3207 890 3248 o
911 3199 1003 3248 tunm

227 3296 281 3354 Me
305 3289 531 3376 derelinquis?
554 3293 665 3354 Turba
690 3288 816 3352 erudeli
836 3289 932 3354 ioco

224 3396 299 3457 Hoc
320 3395 464 3458 ultimum
484 3394 632 3470 fruitura,
658 3392 833 3457 Thesbitae
853 3394 922 3478 peti
960 3448 964 3453 .

258 3600 331 3743 llV·
357 3606 417 3659 202.
442 3598 597 3655 Thesbitae
613 3597 687 3654 vatis
711 3596 731 3652 i.
751 3615 776 3654 e.
802 3595 882 3653 Elias
905 3596 1084 3671 propheten·
1110 3593 1148 3654 Gi.

225 3689 241 3744 ³
286 3701 332 3760 eg.
355 3691 396 3754 tt,
418 3691 441 3743 1.
