2356 4282
115 471 177 539 174
512 472 640 535 Grorn

115 645 163 696 115
183 644 273 704 Mors
296 641 515 718 terreamini,
541 663 614 726 quo,
640 641 717 704 licet
738 641 818 717 solo,
841 638 941 703 fidem

181 745 356 817 Praestent,
379 742 530 806 dolendo.
553 745 688 806 Lacerat
708 743 788 807 haec
810 743 911 810 vestis
934 743 1035 818 sinus,

182 845 323 908 Athaco
345 846 490 927 capillos,
515 845 575 907 alia
596 845 691 908 nudis
712 845 813 910 ubera

98 951 100 956 '
181 948 308 1032 Plangit
328 949 475 1026 lacertis3
498 947 583 1009 illius
605 949 702 1032 louge
725 949 812 1011 cavis

182 1051 326 1113 Resultat
347 1049 447 1111 antris
470 1050 628 1134 gemitus3
650 1048 733 1113 hano
757 1049 853 1114 fletus
873 1050 992 1136 rigant.

117 1154 165 1206 120
184 1155 250 1216 Stat
269 1167 341 1215 ante
363 1167 491 1215 cunctas
512 1155 612 1215 moris
634 1155 815 1238 exemplum
834 1153 884 1238 pii
944 1193 947 1197 ·

182 1255 304 1318 Pudica
325 1271 434 1329 mater,
462 1254 631 1317 lachrimas
653 1256 744 1318 ouius
766 1268 855 1317 tenet

184 1359 346 1441 Cernique
368 1357 522 1439 prohibet
541 1358 636 1421 dolor
657 1357 882 1420 ineluctabilis.

186 1460 259 1553 Quo
282 1474 385 1524 vertat
405 1461 515 1523 oeulos
537 1460 660 1523 nescit:
686 1482 725 1522 an
746 1457 821 1542 figat
843 1456 935 1520 solo?

186 1562 256 1655 Qua
278 1560 521 1623 miseramente
542 1562 729 1645 sanguinem
751 1559 884 1643 aspiciat
904 1579 1000 1621 suum

120 1670 168 1722 125
187 1668 291 1726 Terra
310 1662 486 1726 fluentem?
512 1664 598 1726 levet
619 1664 652 1724 in
673 1665 768 1726 altum
790 1661 934 1724 lumina?

186 1766 267 1827 Dira
291 1766 414 1830 videbit
433 1781 525 1848 peste
546 1767 686 1828 convelli
707 1787 744 1828 ao
765 1765 847 1828 trahi

186 1869 276 1964 Quos
297 1870 426 1952 peperit
448 1882 552 1949 artus3
579 1890 717 1931 cernere
738 1870 928 1932 alterutrum
947 1866 1065 1930 timeus

186 1976 362 2056 Utrumque
385 1972 499 2049 cernit,
524 1992 623 2056 saque
645 1971 802 2054 permittit
823 1970 926 2032 malis.

186 2075 326 2156 Propius
346 2072 478 2156 parabat
500 2073 550 2135 ire
574 2088 606 2136 et
626 2072 774 2154 amplecti
795 2073 958 2145 arborem,

120 2186 169 2239 1³0
190 2176 255 2240 Sed
275 2177 388 2241 haeret
409 2198 540 2261 aegrum
561 2199 690 2259 corpus,
713 2193 746 2241 et
763 2175 888 2240 medios
910 2174 1033 2260 gradus

187 2280 293 2343 Pedes
312 2281 506 2365 relinquunt.
533 2285 603 2364 Ipsa
626 2302 689 2345 vox
709 2279 831 2342 frustra
853 2278 973 2342 exitum

189 2383 335 2481 Quaerit,
355 2398 525 2468 potestque
546 2404 652 2466 prope
673 2382 779 2454 videri
799 2381 928 2445 tristior

188 2487 355 2550 Pandente
376 2503 461 2551 nato.
484 2487 609 2550 Claudit
629 2487 705 2549 huie
728 2499 868 2548 sanctum
889 2486 973 2548 latus

188 2589 248 2651 Bis
267 2610 324 2652 sex
345 2589 470 2653 sodales
492 2591 578 2653 inter
599 2588 759 2651 adamatus
779 2584 836 2671 pio

122 2694 317 2758 1³51uvenis
336 2691 501 2779 magistro.
524 2694 632 2757 Triste
651 2708 685 2756 ut
708 2695 831 2777 aspexit
852 2693 974 2777 iugum,

134 2824 137 2833 ·
189 2796 383 2881 Animssque
407 2797 517 2860 dulces
536 2818 602 2860 non
621 2797 726 2859 miuus
748 2797 820 2872 vita,
843 2797 907 2858 sibi

189 2903 274 2962 Dum
292 2901 357 2965 vita
382 2902 507 2975 mansit,
533 2900 630 2962 sentit
651 2900 706 2962 itte
729 2898 821 2962 aliam
842 2919 986 2976 crucem,

189 3002 391 3086 Graviusque
413 3016 544 3087 torquet
567 3002 622 3064 iile
644 3014 802 3085 spectatus
825 3000 929 3064 dolor.

191 3105 257 3166 Sed
278 3119 414 3189 utroque
437 3104 566 3167 tandem
587 3104 707 3169 fortior
727 3105 817 3189 longi
836 3124 945 3168 morat

121 3211 174 3264 140
191 3206 323 3289 Rumpit
343 3205 461 3269 silenti.
485 3209 581 3268 Sume
604 3206 784 3290 depositum
804 3227 913 3269 meum

190 3311 352 3392 Uterque:
374 3323 480 3371 natum
502 3324 604 3372 mater
623 3309 709 3371 huno
729 3330 792 3392 pro
812 3330 864 3371 me
883 3307 947 3370 tibi

194 3410 330 3473 Posthac
351 3410 482 3494 adopta:
505 3425 602 3495 tuque
622 3410 784 3474 Zebedaei
802 3430 895 3494 puer,
1008 3404 1011 3409 ’

196 3512 289 3605 Quae
307 3513 370 3576 fuit
391 3514 502 3580 amici:
523 3532 610 3576 nuno
630 3528 716 3576 tuam
736 3527 869 3576 matram
890 3526 979 3596 puta.

195 3611 285 3680 Hasd
305 3615 388 3680 fatus
409 3617 528 3680 iterum
547 3614 639 3680 flexit
658 3617 693 3679 iu
713 3636 851 3701 poenam
871 3608 974 3700 eaput
