2356 4282
550 449 695 512 Sisines.

100 625 135 680 55
155 626 210 686 Me
231 621 316 684 nulla
335 608 399 683 nisi
423 636 452 684 te
476 608 566 683 bella
582 617 701 682 sociata
723 631 860 680 manent.
937 614 940 619 ’

156 728 191 790 si
213 727 324 811 pergis
346 750 418 802 una,
439 727 567 808 rapior:
591 722 748 798 abscedis,
773 743 892 807 sequor

155 830 239 893 Belli
260 830 419 915 fugaeque
443 831 558 893 socius.
584 831 661 891 Deb.
685 829 759 889 Hoc
779 823 943 910 precibus,
965 829 1078 904 Barac,

155 931 235 993 Tuis
257 932 397 995 remitto.
444 933 511 993 Nec
533 945 637 992 tamen
661 925 796 991 victoria

153 1032 287 1096 Petiere
309 1035 407 1096 solus.
452 1030 569 1094 Laudis
592 1031 678 1092 hune
698 1027 823 1091 titulum
851 1027 958 1090 minor

101 1136 135 1191 ⁶⁰
153 1135 339 1218 Praeripiet
358 1134 471 1209 hostis,
499 1153 657 1219 quamque
678 1133 732 1194 vix
754 1129 877 1206 credas,
904 1128 993 1193 dabit

152 1237 267 1299 Finem
288 1236 364 1299 huic
383 1235 489 1299 labori
511 1235 637 1296 mulier.
682 1237 752 1295 Hae
774 1232 932 1318 profugus
955 1232 1060 1296 Sisar'

152 1340 275 1401 Dextra
299 1337 430 1423 peribit.
478 1335 583 1404 Video
605 1334 772 1398 traiectum
792 1348 886 1418 caput

152 1441 317 1524 Humique
339 1437 446 1502 fixum.
490 1437 604 1500 'I'udite
626 1437 747 1501 ferrato
772 1438 885 1520 procul

151 1545 218 1604 Per
240 1556 373 1626 utraque
396 1542 503 1605 clavus
529 1557 672 1623 tempora
695 1541 853 1624 impactus
875 1553 976 1603 sonat.
1006 1538 1010 1543 ’

99 1653 133 1708 65
153 1643 307 1705 Exanime
330 1664 447 1727 corpus
469 1664 578 1706 cerno.
628 1645 691 1703 iam
712 1656 795 1706 totos
816 1662 915 1706 eruor

154 1742 288 1809 Inundat
309 1761 405 1808 artus.
452 1750 564 1807 Macte.
609 1742 663 1805 Sic
688 1745 823 1827 Superis
844 1743 948 1827 proba

153 1846 342 1933 Populoque
365 1847 519 1910 dextram.
564 1845 686 1908 Pudeat
709 1847 846 1931 exempli
870 1848 958 1912 viros

154 1944 353 2033 Alacresque
375 1969 512 2033 pugnam
534 1947 623 2010 inite.
653 1950 729 2009 Bar.
755 1949 935 2033 praegestit
959 1970 1079 2013 manus.

512 2179 622 2229 Debere
645 2182 716 2228 sola.

153 2327 203 2385 Tu
223 2343 308 2385 nunc
331 2323 472 2387 secundo
492 2325 638 2407 placidus
658 2325 738 2388 haec
759 2341 837 2388 nutu
856 2346 935 2410 rege

97 2436 133 2489 to
151 2427 217 2488 Pro
240 2439 271 2488 te
293 2426 420 2510 tuisque
442 2428 538 2501 bella,
561 2449 656 2512 quem
678 2429 812 2491 colimus
835 2429 894 2512 pii,

152 2527 211 2588 Cui
234 2548 323 2590 saera
344 2529 405 2590 scii
427 2528 573 2591 ferimus.
618 2533 779 2593 Excutere
802 2531 942 2614 imperas

151 2630 311 2693 Servitia?
331 2631 415 2692 iussa
435 2630 581 2695 facimus.
627 2632 676 2694 Ad
698 2632 818 2696 bellum
841 2634 958 2698 voees?

149 2732 314 2794 Paremus.
360 2731 457 2793 Adsis
478 2734 571 2796 unica
594 2735 746 2818 oppressi
768 2735 852 2797 salus

149 2833 266 2916 Populi
289 2853 326 2896 ec
348 2832 503 2896 levamen.
547 2836 673 2932 Quanta
696 2835 905 2901 circumstent
926 2837 1018 2903 vides

96 2951 131 3004 75
148 2936 214 2998 Nos
235 2934 376 3021 undique
398 2958 494 3012 erma,
517 2953 671 3023 quatuos
694 2941 763 3001 acie
782 2953 869 3023 petat

151 3036 365 3100 chananaeus.
412 3039 486 3101 lllos
509 3037 577 3100 laxa
598 3040 650 3101 vix
672 3041 764 3103 telius
788 3041 887 3124 capit:

149 3138 313 3223 Angustus
336 3139 439 3204 omnis
462 3160 599 3224 campus.
647 3143 712 3205 Hic
735 3142 841 3228 rigida
864 3142 941 3206 citas

148 3241 262 3306 Armet
281 3241 451 3328 quadrigas
474 3241 556 3307 falec
578 3244 786 3327 praepetibus
807 3248 888 3309 rotis

148 3399 358 3415 m

218 3491 254 3589 {⁸⁷3
273 3493 316 3547 69.
335 3507 398 3567 sqq.
418 3492 537 3549 Debere
555 3493 648 3548 Deum
671 3470 819 3570 precatur,
837 3502 870 3550 ut
888 3486 1073 3552 Chanariaeos

151 3585 303 3651 opprimat.
840 3586 842 3592 ’
916 3587 919 3592 ’
