2356 4282
515 423 662 487 Sisaus.
1010 422 1054 492 31·

123 591 285 689 SidQuid
293 591 532 657 doindslMad.
542 593 651 657 Fortis
659 595 775 657 mulier
783 593 1052 678 atquidvismanu

125 696 437 781 Audere'prompta‚
460 698 603 781 compari
625 696 743 759 dudum
763 717 881 775 eomes,

127 803 260 864 Secreta
280 814 376 884 gente
398 801 543 883 proxima
562 800 658 862 nobis
679 800 763 863 lares

56 915 106 968 400
127 903 272 966 Statione
284 902 401 985 posuit.
433 901 499 965 Sis.
526 900 615 996 Quid
634 910 737 965 meam
758 902 793 962 in
814 923 929 964 noxam
944 903 1052 986 parit?

124 1005 217 1070 Mau.
246 1004 297 1068 ab
319 1006 379 1068 hro
400 1002 575 1068 timendum
595 1002 659 1066 fata
680 1005 790 1067 neseio
812 1003 888 1088 quid
911 1018 1052 1068 mouent.

122 1107 312 1191 Lapidothis
334 1108 394 1170 alia
416 1121 476 1172 est.
519 1106 587 1171 Sis.
610 1109 768 1171 Convenit
788 1128 881 1170 sexus
903 1107 1034 1193 quidem

124 1215 360 1294 Numerusqu'e.
404 1209 470 1274 Sed
489 1209 576 1294 quod
596 1210 694 1273 altera
716 1210 846 1273 exitium
868 1210 979 1274 dabit?

123 1315 195 1398 Ego
220 1311 295 1374 inde
319 1310 490 1396 quidquam
513 1311 648 1375 verear?
692 1315 750 1374 Est
773 1313 825 1374 illa
848 1313 928 1374 mihi

54 1429 107 1482 405
126 1419 206 1479 Cum
222 1417 323 1498 stirpe
341 1415 465 1477 foedus.
511 1410 602 1477 Mod.
617 1417 690 1478 Hoc
706 1437 796 1499 mage
814 1414 939 1478 insidiis
952 1417 1053 1492 locus,

126 1520 200 1615 Quo
222 1541 286 1581 non
308 1518 436 1580 timetur
458 1517 568 1579 hostis.
606 1519 694 1600 Ergo
717 1517 814 1579 ullum
834 1532 926 1601 putas

125 1625 205 1685 Cum
219 1634 323 1706 'gente
345 1618 422 1682 fidei
444 1620 559 1704 pignus
586 1619 724 1695 inimica,
752 1618 852 1681 effera

127 1724 248 1787 Stabile
270 1743 341 1786 esse
362 1721 458 1806 regi?
501 1723 639 1786 Flamma
662 1744 696 1785 se
716 1723 844 1784 nivibus
865 1723 956 1808 prius

127 1830 289 1905 Sociabit‚
312 1844 400 1893 ortus
423 1844 558 1914 merget,
589 1851 719 1893 occasus
740 1829 825 1892 diem

55 1945 110 1996 410
129 1934 228 1997 Coelo
250 1949 402 2017 reponet3
427 1947 498 1995 ante
520 1932 650 1996 Iordani
672 1937 778 2017 Tagus

129 2035 283 2100 Miscebn
301 2035 420 2099 undas:
447 2057 526 2121 paee
549 2058 640 2120 quarn
665 2034 726 2098 fida
749 2034 870 2098 exteris
928 2102 931 2107 ‚

128 2141 278 2224 iungatur
302 2138 400 2202 audax
420 2141 567 2225 populus.
613 2142 650 2200 In
670 2159 825 2223 praesens
845 2136 944 2199 timor

129 2241 287 2305 Simulare
309 2256 340 2304 et
362 2243 477 2326 opibus
499 2244 607 2305 colere
629 2242 788 2326 potiorem
812 2240 918 2302 iubet:

128 2349 215 2420 Mox,
242 2342 367 2429 tempus
390 2344 445 2407 ubi
466 2366 501 2408 se
525 2343 651 2407 dederit
672 2358 704 2406 et
725 2341 841 2406 sceleri
862 2343 962 2420 locus,

62 2451 114 2503 lto
132 2447 294 2530 Concepta
315 2461 441 2530 promet
463 2445 545 2512 odia.
588 2445 639 2507 Nil
662 2467 740 2529 prae
764 2466 799 2507 se
822 2442 900 2506 deos

130 2548 353 2632 Hominesque
373 2547 466 2631 pensi
490 2548 532 2626 (si
552 2546 654 2631 palam
675 2560 774 2610 tutum
797 2555 859 2622 est)
884 2544 988 2608 habet.

130 2650 248 2713 Animo
270 2664 396 2715 vetusta
418 2665 542 2734 repete,
568 2664 645 2735 quot
665 2670 760 2734 reges
780 2647 863 2725 neci,
946 2717 948 2722 ,

130 2752 219 2849 Quot
238 2774 338 2838 regna
359 2751 494 2815 ssamrnis
517 2750 653 2814 dederit.
701 2752 824 2813 Arsene
846 2749 963 2836 oppida

129 2855 210 2917 Cum
233 2856 303 2920 cive
326 2856 459 2939 pariter.
503 2856 630 2919 Iunctus
653 2854 763 2916 aetatis
784 2873 881 2916 cruor

62 2966 112 3019 420
129 2956 267 3022 Undavit
288 2959 400 3034 omnis,
427 2957 531 3023 donec
553 2958 719 3021 exhaustas
741 2954 839 3042 fugax

127 3059 304 3141 Populator
326 3060 422 3122 urbes
444 3060 546 3144 stirpe
570 3060 742 3144 complevit
760 3080 848 3142 vaga.

130 3152 223 3224 Haeo
242 3162 332 3246 pasis
353 3162 429 3226 olim
450 3161 594 3239 foedera,
620 3162 676 3224 has
698 3176 809 3225 noster
828 3160 918 3226 vicos

131 3320 336 3334 Ἣ.

200 3432 235 3488 V.
260 3436 319 3489 002.
340 3429 575 3504 Lepidothis‚
595 3446 624 3483 v.
644 3427 707 3484 Act.
729 3429 750 3491 l,
771 3432 829 3487 tlt.

199 3534 236 3590 V.
254 3537 313 3591 41οῥ
331 3533 442 3607 Tagus
461 3533 559 3605 (Tajo)
577 3531 737 3588 Lusitaniae
754 3528 869 3590 fluvius.
