2356 4282
514 477 684 542 sannone
992 476 1062 545 ’123

132 648 229 722 Ante,
255 661 326 710 ante
348 645 468 730 placidi
489 647 579 708 mille
604 648 755 710 violatum
776 660 825 709 est
845 647 978 730 probris

130 752 257 812 Nomen
277 749 431 834 parentis,
454 748 583 812 foederi
603 750 730 812 illusum
751 768 853 824 sacro,

133 852 274 913 Truncis
289 852 425 924 ditatum,
452 850 534 912 iuris
556 851 711 914 infractus
733 852 837 935 vigor,

132 955 195 1014 Fas
213 973 311 1016 omne
331 953 467 1037 pulsum.
492 955 593 1017 Iustus
615 954 714 1016 lsrael
733 955 842 1030 Deus3

60 1056 113 1108 27⁰
134 1056 213 1117 Cum
233 1056 350 1137 plectit·
366 1070 399 1118 et
421 1076 492 1117 cum
512 1056 626 1138 parcit,
653 1077 692 1119 ex
711 1076 815 1139 aequo
838 1053 951 1116 bonus.

132 1157 257 1218 Maiore
278 1157 401 1219 scelera
423 1170 532 1220 nostra
554 1158 671 1220 taxavit
693 1156 808 1234 mod03

133 1259 176 1319 At
196 1259 318 1321 scelera
337 1260 458 1321 nullum
479 1274 588 1323 nostra
611 1273 776 1321 servarant
796 1255 937 1331 modum,

131 1362 263 1436 Necte,
291 1360 430 1443 superbo
452 1362 558 1444 capite
581 1383 662 1446 quae
684 1377 790 1424 terres
808 1359 898 1432 deos,

131 1466 242 1525 Insana
263 1463 418 1544 Babylon,
442 1466 549 1526 mitius
570 1465 668 1526 fatum
688 1478 805 1526 manet.

55 1570 113 1623 275
131 1566 249 1628 Divina
266 1565 300 1628 si
320 1565 398 1648 quid
418 1567 551 1628 caelitus
572 1567 643 1632 veri
663 1580 780 1628 canunt

130 1672 300 1750 Responsa
322 1682 436 1741 vatum,
460 1668 487 1728 si
510 1667 587 1751 quid
609 1668 648 1730 ad
670 1668 815 1731 modulos
838 1668 925 1748 lyrae

131 1771 253 1831 Auctor
274 1768 377 1831 futuri
399 1783 505 1834 certus
528 1786 621 1854 atque
643 1770 728 1833 idem
751 1770 886 1852 inclytus

130 1874 274 1933 lessaeus
298 1871 403 1946 armis,
432 1887 517 1935 muta
537 1872 723 1956 pendebunt
744 1873 807 1933 tuis

130 1973 243 2035 Nablia
266 1973 395 2048 salictis,
419 1974 545 2059 quando
566 1975 699 2037 victoris
722 1975 784 2036 soli

56 2084 112 2137 280
131 2075 266 2137 Fluenta
287 2089 426 2159 propter
448 2091 558 2159 pascet
578 2077 743 2158 Assyrium
767 2092 901 2160 gregem
954 2061 958 2069 ’
1008 2125 1015 2133 .

130 2177 279 2260 Captivos
302 2177 441 2259 hospes3
465 2178 576 2241 forsan
596 2193 629 2242 et
649 2200 753 2262 nuper
775 2198 867 2239 suurn

128 2283 232 2342 Pecus
255 2281 326 2362 ipse
350 2279 453 2342 ducet.
479 2281 620 2342 Patrium
642 2281 760 2343 frustra
783 2281 884 2341 melos

130 2384 264 2445 (lentare
283 2383 400 2457 iussus,
423 2385 526 2467 quale,
549 2383 625 2445 dum
648 2385 725 2446 Sion
749 2383 844 2457 stetit,

130 2485 269 2566 Solymis
291 2485 430 2560 sonabat,
453 2485 581 2548 occinet
601 2485 682 2546 festa
704 2485 765 2547 tibi

59 2595 110 2647 285
128 2590 194 2648 Pro
216 2596 297 2650 vo'cc
319 2588 492 2671 gemitum:
518 2588 656 2663 Siccine,
678 2588 758 2648 heu!
779 2608 868 2649 sacra
892 2601 1002 2650 extero

127 2685 307 2750 Prodamus
332 2688 441 2752 hosti?
464 2690 575 2752 deerat
595 2689 657 2751 hnc
679 2710 776 2750 unum
798 2690 889 2752 maiis

129 2791 263 2852 Cartare
288 2791 442 2852 miseros:
467 2806 539 2854 ante
563 2789 706 2853 dediscat
728 2813 799 2853 suns

128 2897 201 2954 Mea
224 2891 335 2954 dextra
357 2893 505 2971 chordas,
530 2911 602 2957 ante
623 2896 731 2979 lingua
752 2895 878 2957 torrido

129 2997 277 3057 Haerens
297 2998 402 3079 palato
425 2999 515 3061 vocis
538 2995 685 3060 officium
707 3012 814 3082 neget,

57 3107 110 3159 290
129 3095 296 3159 Obliviosa
319 3120 413 3182 quam
435 3099 515 3160 mihi
534 3115 642 3162 mente
663 3099 812 3163 excidant

129 3199 275 3279 Solymae
298 3215 428 3283 penates
450 3203 601 3283 inclytum
623 3216 654 3264 et
675 3187 786 3286 templi
809 3202 918 3278 decus,

129 3301 233 3396 Quam
256 3303 335 3364 mihi
357 3303 521 3366 madentes
543 3305 606 3366 ulla
628 3306 682 3365 lnx
704 3319 810 3388 tergat
831 3325 940 3388 genas,

128 3404 200 3467 Nisi
222 3426 302 3489 quae
323 3405 431 3468 Sionis
453 3407 580 3470 moenia
601 3421 632 3470 et
652 3407 764 3490 templi
787 3406 944 3470 obrutas·

127 3509 290 3570 Restituet
311 3531 391 3571 aras.
418 3514 469 3570 Tu
489 3524 594 3572 tamen
616 3509 705 3570 caelo
729 3508 850 3570 arbiter

53 3621 109 3674 295
129 3609 330 3707 Quicum
347 3612 470 3688 cerain
490 3611 631 3677 reddero
652 3625 824 3695 protervae
845 3610 948 3679 airam
