2356 4282
491 484 661 547 Sannaus.

100 656 136 710 25
154 652 273 733 Tegam
295 650 366 737 ipse
387 653 478 734 telis3
504 652 635 738 gravior
656 669 686 718 at
707 654 809 718 nubes
831 657 924 720 cadet

156 754 258 850 Quam
279 755 459 819 concitam:
482 756 604 818 fulmen
626 757 783 820 incertum
804 759 912 822 vibret

154 860 227 918 Non
249 856 404 942 deligenti
427 881 498 920 saxa
520 858 714 944 diffiingens
734 883 838 937 manu,

156 957 366 1043 Timidosque
389 960 476 1021 inani
497 963 627 1024 territet
647 964 785 1046 populos
808 985 905 1028 sono:

154 1064 227 1123 Non
248 1061 328 1124 haec
349 1062 516 1125 trisulcum
540 1064 661 1140 dextra,
688 1065 745 1128 sed
768 1067 872 1130 telum·
886 1070 1000 1149 vibrat,

98 1172 135 1225 30
156 1165 229 1262 Quo
252 1164 441 1228 destinatum
464 1168 583 1230 certius
605 1166 675 1253 ligit
695 1183 797 1253 caput.
1047 1162 1054 1173 ⁴

154 1269 197 1328 At
217 1280 249 1328 te
271 1268 342 1351 quis
364 1269 461 1331 animi
483 1269 612 1334 devium
633 1272 769 1355 exagitat
790 1273 884 1337 furor

153 1369 301 1432 Recutite
324 1369 409 1446 luda,
433 1392 552 1433 numen
574 1385 607 1433 ut
628 1373 724 1435 toties
746 1394 853 1436 meum

153 1475 297 1535 Demens
317 1472 479 1536 lacessas?
501 1493 664 1538 moveram
686 1495 788 1560 regno
812 1476 891 1541 duos

154 1579 262 1659 Reges
283 1588 435 1659 paterno:
457 1576 588 1638 tertium
610 1576 778 1661 indignum
799 1580 939 1644 aetheris

97 1686 133 1740 ³5
154 1677 267 1744 Vitalis
290 1675 413 1752 haustu,
436 1682 539 1741 Marte
561 1678 611 1739 bis
633 1678 768 1740 fractum
790 1701 873 1757 meo,

155 1780 247 1843 Solio
269 1781 423 1860 locaram3
449 1802 560 1842 rursus
583 1781 731 1843 intumuit
753 1781 858 1856 ferox,

153 1881 354 1965 Residesque
376 1883 410 1942 in
432 1905 517 1944 arma
540 1883 693 1966 compulit
712 1885 868 1968 populos:
892 1885 966 1963 luat,

153 1989 235 2048 Luat
259 1987 430 2065 scelestus3
456 1986 572 2049 sentiat
593 1986 749 2071 quidquid
769 2007 867 2072 grave
951 2052 955 2059 ,

153 2091 254 2151 Iratus
277 2088 370 2151 audet
390 2090 503 2166 vietor,
530 2104 582 2152 aut
604 2091 705 2154 victus
726 2090 824 2154 timet.

98 2204 135 2256 40
155 2191 290 2288 Quaerit
309 2191 475 2268 rebellem,
503 2192 648 2276 quisquis
670 2192 829 2277 ingratum
851 2193 932 2256 male

154 2295 290 2376 Sceptra
311 2293 451 2376 reponit.
477 2296 600 2376 Nempe
622 2295 650 2354 si
671 2294 810 2359 invisum
829 2315 940 2379 genus,

153 2399 260 2472 Natos,
286 2410 436 2479 parentes
458 2396 545 2458 ultor
567 2396 728 2457 extinxem
749 2397 851 2479 prius,

154 2498 225 2559 Non
248 2495 365 2558 deinde
387 2496 480 2558 toties
503 2495 590 2557 aliud
612 2517 652 2557 ex
674 2497 736 2558 alio
759 2510 867 2558 serant

153 2599 281 2660 Bellum
303 2612 452 2681 nepotes:
475 2595 619 2681 perfidos
641 2597 730 2659 nasei
752 2611 840 2680 puto,

99 2719 134 2772 45
154 2703 198 2763 Ut
218 2721 312 2762 nemo
335 2699 464 2762 doceat:
486 2699 572 2761 nulla
594 2713 655 2762 tam
678 2698 739 2761 lixa
760 2698 883 2761 inditur

154 2806 270 2865 Natura
292 2800 407 2876 soboli,
432 2803 518 2864 nulla
541 2815 604 2863 tam
625 2816 715 2864 certo
738 2801 871 2867 obvenit

154 2908 183 2968 A
206 2920 298 2990 patre
318 2906 439 2968 rebelli
460 2906 574 2968 liberis
594 2905 768 2967 hereditas.

156 3013 245 3071 Bene
269 3022 333 3071 est:
357 3021 486 3071 tenetur
505 3022 570 3070 tota
593 3028 664 3069 oum
686 3001 796 3070 catulis
821 3005 911 3085 lera3
942 2990 945 2995 ⁶

154 3112 280 3172 Nullum
303 3111 483 3194 relinquam
507 3108 617 3192 stirpis
639 3107 789 3170 infandae
812 3128 919 3190 super.

98 3234 134 3286 50
155 3216 228 3276 Huc
248 3211 482 3296 pertrahantur.
528 3211 572 3273 At
595 3210 666 3294 quis
691 3231 710 3272 e
731 3222 842 3272 eontra
863 3207 997 3293 gradum

156 3314 348 3378 Taciturnns
371 3313 472 3376 infert
494 3312 591 3379 vestis
616 3312 742 3395 ignotae
764 3311 884 3373 senex?

155 3421 212 3481 Ier.
234 3421 306 3481 Rex
327 3437 450 3500 magne,
471 3431 576 3480 vatem
595 3428 708 3497 sponte
730 3411 888 3497 captivum
910 3412 1061 3499 adspicis,

158 3521 218 3582 Cui
244 3518 315 3582 dira
338 3519 485 3599 Solymae
507 3516 642 3590 excidia,
666 3515 718 3579 eui
739 3528 838 3578 totam
860 3514 950 3578 dedit

157 3623 283 3685 Seriem
304 3621 459 3685 malorum
483 3641 579 3684 nosse
601 3640 777 3705 regnorum
798 3616 943 3681 Arbiter.
