2356 4282
104 466 146 539 82
458 469 668 546 Mnesterem

169 638 371 720 carpuntque
394 635 537 716 celeres3
561 633 625 699 fida
649 633 707 698 sed
728 635 854 720 quoties
873 633 981 706 uirum

169 738 292 801 Coniux
314 735 471 821 requirit?
492 758 589 820 parva
609 752 755 800 natorum
777 758 889 801 manus

169 845 341 904 Tremente
365 841 490 924 quoties
511 841 580 924 ipsa
602 861 674 904 eum
695 840 774 909 silva
795 855 939 903 tremens

100 953 149 1006 19⁰
168 945 280 1010 Vultus
303 941 453 1018 reflectit,
474 942 600 1025 trepida
624 963 719 1026 quem
738 963 824 1026 pone
846 943 954 1013 audiat

167 1048 302 1108 Hostem
323 1067 363 1107 an
384 1043 572 1128 parentem?
603 1066 754 1127 propera,
787 1060 822 1109 ut
843 1044 983 1111 adventu
1003 1045 1075 1129 prior

168 1153 294 1210 Tueare
316 1148 473 1210 inermes:
497 1168 645 1231 sequere,
669 1168 730 1230 qua
753 1147 885 1210 multum
906 1148 954 1210 tui

168 1253 227 1317 Via
248 1251 427 1314 antecessit.
471 1251 547 1314 Sed.
571 1251 664 1314 Solus
685 1249 824 1317 inflectit
844 1272 937 1317 meos

168 1355 268 1417 Amor
290 1354 344 1427 ille
368 1374 496 1429 sensus:
521 1353 626 1417 fateor
647 1354 706 1417 hae
728 1355 844 1418 vietum
865 1354 979 1418 trahis.

101 1462 149 1515 195
167 1460 233 1520 Pro
255 1458 373 1521 misera
393 1457 512 1540 pietas!
535 1458 625 1541 cogis
648 1457 763 1521 infelix
783 1473 905 1542 patrem

168 1562 261 1629 Vitae
283 1583 435 1644 perosum
458 1562 580 1636 vivere,
607 1576 640 1623 et
660 1562 767 1646 fugam
790 1565 907 1647 exequi

168 1663 254 1726 Mori
277 1663 478 1728 obstinatum.
522 1669 637 1735 Testor
659 1666 812 1729 immitem
834 1671 950 1734 Deum.

166 1768 238 1828 Non
261 1766 405 1849 trepidus
427 1768 553 1832 hostem
574 1766 683 1852 sugio3
708 1790 775 1845 vos,
800 1770 875 1847 nati,
900 1793 1026 1857 sequor.

548 2011 673 2074 Chorus
693 2014 720 2075 1.

474 2203 544 2254 nteit
568 2204 780 2268 Providerat».

167 2346 298 2427 Impune
320 2344 492 2427 pollicetur

98 2462 151 2516 200
168 2446 238 2508 Sibi
261 2447 377 2531 impius
399 2449 551 2527 futurum,

169 2548 303 2642 Quoties
325 2552 454 2615 vibrare
475 2555 579 2618 lentus

170 2652 316 2716 Trisulca
335 2654 398 2716 tela
421 2653 532 2719 differt

167 2755 343 2823 Hominum
367 2756 525 2843 deumque
549 2774 668 2824 rector.

169 2857 281 2920 Nullus
303 2881 428 2922 memor
448 2861 579 2922 nefandi

100 2968 151 3021 205
168 2960 333 3044 Fandique
354 2976 464 3025 nostra
487 2978 591 3044 curat3

167 3063 303 3147 Rapitur
323 3064 473 3149 peritque
494 3067 604 3142 iustae,

105 3237 108 3245 Ι
166 3164 328 3226 Premitur
350 3158 496 3252 iacetque
517 3169 617 3233 virtus
625 3190 634 3248 3

93 3268 96 3277 '
168 3265 291 3328 Sceleri
314 3266 397 3339 bene
421 3284 452 3332 et
476 3271 612 3332 scelesto
634 3283 691 3333 est.

168 3428 374 3443 —u—-w-

236 3519 274 3572 V·
305 3524 366 3577 tes.
399 3535 462 3590 sqq.
492 3517 672 3590 Tetrapodia
701 3516 822 3587 iamhiea
849 3518 1037 3588 oqtteleotioaa-
