2356 4282
111 424 154 497 24
500 425 639 489 vau

176 597 314 663 Involvit
336 596 430 671 acies,
453 612 543 682 terga
566 596 641 659 dnm
662 597 805 659 incautus
828 593 947 679 premit

174 700 309 762 Pharao.
356 701 560 785 Propinquus
582 698 728 782 adspice:
752 698 806 760 hic
827 697 957 771 veteris,
983 697 1083 793 Sisen2

109 819 161 875 215
179 802 374 867 Monimenta
397 825 512 868 cernes
533 804 651 883 cladis3
675 803 729 866 hic
753 817 882 887 quantas
906 801 1018 864 furens

175 906 316 970 Exercet
337 908 400 969 iras
423 906 520 981 disce,
548 928 607 991 qua
628 921 748 989 pugnat
768 927 871 969 manu.

174 1008 240 1072 Sis.
266 1009 371 1071 inanis
394 1009 455 1071 iste
476 1024 602 1071 terror:
624 1007 708 1068 hune
731 1026 845 1068 vecors
867 1005 930 1067 sibi

175 1110 299 1174 Ascivit
319 1111 452 1175 animus.
498 1114 607 1192 Turpe
631 1106 704 1170 dum
726 1108 811 1172 vinci
833 1109 986 1183 aestimat,

173 1215 278 1276 Deum
300 1232 372 1274 esse
395 1212 428 1272 in
451 1213 543 1273 hoste
566 1209 665 1273 finxit.
710 1211 759 1285 Et,
784 1231 894 1273 verum
919 1224 952 1271 ut
974 1224 1078 1295 putes,

105 1321 155 1373 220
173 1316 317 1378 Cessisse
341 1328 491 1399 quantum
512 1327 560 1375 est
582 1313 705 1376 viribus
728 1334 844 1374 numen
866 1312 970 1374 meis?

172 1420 231 1479 Ier.
256 1421 304 1479 Ne
325 1415 423 1479 crede
447 1417 573 1479 victum.
620 1414 743 1477 Cedere
766 1415 805 1477 ad
827 1431 952 1499 tempus
977 1416 1059 1479 solet

174 1520 247 1614 Quo
268 1520 396 1603 gravius
419 1519 496 1582 olim
518 1517 657 1580 infestet.
704 1518 771 1580 Sis.
793 1516 911 1580 Ulcisei
934 1538 1037 1602 genus

172 1621 308 1684 Rebelle
330 1619 481 1684 timeam?
526 1619 666 1683 Sceleris
686 1633 720 1683 ut
740 1621 842 1681 nullas
864 1619 912 1680 sui

172 1727 297 1787 Poenas
317 1723 486 1786 Hebraeus
508 1722 651 1785 referat?
685 1725 757 1784 Hoc
780 1721 929 1807 quidnam
951 1723 1095 1807 amplius,

103 1832 153 1886 225
175 1825 209 1888 Si
229 1827 331 1891 victus
354 1847 468 1903 essem,
493 1825 646 1911 paterer?
688 1829 746 1887 Ier.
771 1823 805 1885 ld
828 1846 868 1886 ne
892 1825 936 1886 sis
958 1824 1045 1891 vide.

480 2071 621 2123 Baracns.
659 2072 791 2123 Sis-aras.

172 2208 250 2270 Bar.
271 2208 471 2292 Magnanime
479 2207 646 2290 Princeps,
671 2228 770 2291 regna
780 2228 872 2292 quem
885 2208 947 2270 late
959 2221 1098 2272 tremunt

175 2309 369 2385 Chanennesn
396 2309 486 2370 missi
507 2310 570 2372 hue
594 2310 703 2392 stirpis
726 2312 842 2372 Isaeiae
864 2308 962 2372 duces

169 2414 240 2475 Non
263 2411 345 2472 belia
369 2425 506 2485 utente,
530 2411 599 2473 iuna
622 2413 671 2475 vel
695 2413 790 2477 vietis
811 2426 919 2474 truces

170 2511 340 2575 Metuenda
361 2512 508 2574 ferimus.
552 2513 728 2574 Pristinum
748 2513 864 2574 invidit
887 2513 984 2577 decus

100 2637 152 2691 230
170 2617 324 2678 Fortunat
348 2613 505 2699 quidquid
527 2628 625 2676 restat
647 2614 770 2689 ossilla,
792 2616 920 2678 unicum

168 2718 298 2780 Misenis
319 2718 474 2790 levamen,
498 2728 570 2778 vota
592 2730 755 2800 portamus
777 2718 838 2779 tibi

169 2820 391 2904 Gemitusque.
414 2819 480 2882 Sis.
507 2818 561 2880 sic
587 2840 644 2881 vos
665 2818 754 2904 regis
775 2818 946 2904 imperium
968 2823 1096 2887 movet?

167 2928 244 2987 Bar.
266 2923 363 3018 Quod
377 2921 486 2985 faeere
503 2945 644 3009 nequeas
663 2926 718 3010 qui
737 2926 883 3008 imperat,
906 2922 979 2986 fieri
991 2941 1086 2991 vetat.

167 3027 264 3089 Ferri
284 3025 377 3087 iubes
400 3022 528 3087 tributa.
576 3027 674 3090 Iussis
696 3027 868 3112 obsequor.
1009 3022 1019 3027 ’

99 3133 150 3186 235
169 3126 257 3190 Cedo
279 3125 364 3188 unde
386 3125 526 3190 iubeas?
571 3131 642 3229 Qua
663 3129 730 3214 peti
751 3144 843 3212 parte
865 3129 1004 3213 imperas

166 3285 372 3300 *—

234 3375 268 3427 v.
288 3342 351 3433 22⁶ss
376 3375 469 3429 sarae
494 3375 583 3442 (nnus
609 3375 763 3431 inmens
790 3377 907 3433 enisu
927 3379 1094 3452 Neptthati)

166 3457 404 3558 neteri.·S·iserae
421 3461 454 3517 fit
472 3461 604 3534 supplex,
622 3479 638 3515 a
659 3479 718 3535 quo
737 3471 833 3519 tamen
852 3481 916 3519 cum
933 3464 1034 3538 insigni
1053 3465 1093 3522 fs-

166 3554 215 3600 stu
233 3555 372 3607 relicitur.
