2356 4282
559 427 703 489 sasima.

168 602 242 660 Mea
264 597 333 659 iura
354 597 491 682 populus
510 600 613 661 Marte
634 588 834 680 perdomitus
855 586 974 655 tremit.

168 700 252 764 hlibi
273 700 375 764 victus
396 701 453 762 uni
474 714 524 763 est
544 699 660 785 bisque
680 700 742 760 iam
766 693 879 778 capitit
901 692 1016 757 decom

168 805 318 887 Imposita
338 803 452 887 pendit
472 804 588 888 pretia.
632 805 700 865 Nec
722 801 788 862 sola
812 798 874 860 luit

115 919 148 972 95
170 909 366 990 cumgente
387 906 524 968 bellum:
548 907 651 969 victus
671 917 703 965 et
725 902 828 986 gentis
849 901 948 963 Dens.

168 1008 227 1072 Cui
249 1008 348 1070 scissa
368 1007 463 1070 iactat
483 1008 592 1083 maria,
619 1026 683 1090 quo
704 1019 807 1066 terras
828 1001 911 1065 duee

168 1099 360 1173 Penetraise
381 1108 421 1171 ad
444 1109 518 1172 istas
541 1109 655 1183 fertur,
681 1107 735 1169 bic
755 1105 876 1169 nostris
896 1118 1002 1168 tamen

167 1215 273 1295 lmpar
292 1210 458 1295 trophaeis
481 1211 578 1274 cessit
600 1225 632 1273 et
652 1210 761 1294 potior
783 1209 860 1271 Baal

167 1314 297 1397 Captiva
318 1313 436 1398 subigit
455 1312 596 1376 numinis
619 1313 700 1376 colla
723 1311 872 1374 advenae.

99 1432 151 1486 too
168 1419 242 1480 Hoc
265 1415 329 1478 boo
349 1416 475 1501 peregi,
502 1416 587 1477 nulla
610 1413 698 1502 quod
718 1414 817 1497 longo
838 1413 908 1477 dies

167 1519 339 1604 Extinguat
358 1541 448 1594 aero,
471 1519 556 1581 nulla
579 1519 630 1580 cui
654 1536 724 1578 sese
745 1515 900 1579 hactenus

167 1623 317 1706 Aequare
339 1621 447 1682 divum
470 1621 560 1696 laeta,
585 1619 671 1680 nulla
691 1617 855 1680 hominum
878 1629 1005 1701 queant.

167 1723 345 1808 Phlegraea
369 1722 511 1807 quamvis
526 1722 617 1784 bella
640 1735 672 1783 et
694 1741 846 1783 excussos
868 1719 937 1780 lace

102 1854 104 1859 ’
166 1825 288 1890 Trilida
312 1827 457 1911 gigantes
479 1839 636 1888 memoret
657 1825 827 1888 aethereae
848 1836 965 1906 potens

98 1945 149 1997 105
168 1928 359 1992 Dominator
381 1928 474 2003 arcis,
501 1927 583 1989 colle
605 1947 677 1989 oum
700 1940 832 2010 aggesto
855 1925 941 1988 stetit

166 2029 320 2093 Animosa
337 2030 440 2114 pubes
464 2031 525 2091 tela
548 2045 680 2093 centena
703 2051 796 2091 manu

168 2133 303 2195 laculata
322 2132 467 2195 totidem.
514 2135 592 2194 Pars
613 2146 708 2216 quota
731 2147 780 2193 est
801 2130 903 2194 nostri
925 2129 1038 2209 Mimas

167 2235 319 2318 Acerque
340 2234 484 2297 Rhoetus
506 2234 636 2297 decoris
658 2249 710 2296 aut
731 2235 840 2296 Siculo
864 2251 963 2317 specu

168 2337 301 2399 Clausus
322 2335 522 2422 Typhoeus?
566 2342 690 2422 Nempe
710 2334 951 2403 mortalesdeo

98 2452 149 2506 lto
168 2437 296 2506 Vicisee
317 2440 412 2502 facile
436 2455 501 2503 est:
523 2440 657 2502 vicimus
680 2461 816 2524 superos
837 2460 938 2523 genus
1008 2448 1012 2455 '

167 2543 314 2604 Mortale.
361 2544 483 2605 Necte
504 2541 642 2606 nebride
665 2544 840 2608 accinctum
863 2543 954 2619 latus,

166 2644 325 2727 Implicita
344 2644 434 2707 molli
455 2645 556 2708 iacula
577 2660 763 2710 tractantem
784 2666 888 2721 manu,

167 2747 300 2808 imbelle
322 2768 449 2824 numen,
477 2749 651 2823 conferam,
673 2762 814 2810 extrema
836 2747 913 2809 licet

168 2849 301 2912 Tellure
322 2850 429 2914 victor
448 2872 547 2937 regua
568 2849 752 2913 subdideris
772 2869 859 2914 novo

168 3011 375 3023 Μ

185 3150 188 3157 .
237 3101 274 3158 V.
293 3097 414 3159 901113
442 3097 576 3154 desem.
605 3097 671 3156 lud
696 3105 722 3165 l,
746 3104 778 3155 3:
805 3099 865 3154 Per
885 3096 985 3172 viginti
1009 3113 1099 3153 annot

168 3185 359 3241 vehementer
378 3195 564 3259 oppresserat
581 3202 631 3241 eos
650 3185 830 3256 (Israeliten).

238 3291 277 3346 V.
291 3295 356 3349 103.
376 3289 514 3362 Phlegra,
540 3289 613 3344 urbs
636 3288 831 3356 Macedoniae,
855 3288 907 3343 ubi
925 3289 1051 3362 gigantes
1069 3290 1099 3343 in

167 3377 268 3430 lovem
285 3374 396 3430 bellum
415 3376 473 3429 orsi
491 3386 569 3436 sunt,
590 3392 716 3448 quorum
735 3385 795 3430 tres
811 3374 857 3428 hic
874 3377 1066 3432 nominantur.

108 3492 126 3514 ··
196 3508 201 3517 ·
239 3478 275 3535 V.
294 3484 358 3536 ⁴111.
375 3477 505 3535 Nebride
527 3481 635 3548 (νεβρίς)
648 3479 684 3537 b.
706 3495 732 3532 e.
751 3478 830 3551 pelle
846 3477 1099 3534 binnull'ciuctum

170 3581 211 3620 sc.
229 3564 383 3633 Bacchum,
402 3563 541 3621 ludorum
560 3563 742 3623 domitorem.

839 3668 986 3739 2*-
