2356 4282
112 457 173 527 122
467 459 675 523 Mineruam

172 627 271 693 Vates
291 627 426 691 relictus
444 627 564 692 excutit
583 627 740 693 membris
761 629 878 691 Deum.
918 640 921 646 '

172 731 202 795 Ο
225 729 303 793 dura
324 730 457 792 nimium
476 728 555 792 sata!
579 731 631 793 eui
653 744 807 804 monstro,
829 753 850 794 o
870 731 981 803 Pater,

173 831 441 895 Exterminandos
461 831 582 914 placuit
601 831 739 896 umidas
761 832 849 896 dari!

173 937 232 998 ler.
254 934 377 997 Misella
398 933 501 1010 turba,
528 933 607 1019 quid
627 949 696 999 tues
716 933 824 997 clades
847 934 986 1019 grem?

104 1043 154 1096 240
172 1037 306 1099 Anteire
329 1036 477 1117 lacrymis
500 1035 614 1099 funera
636 1050 731 1120 utque
753 1056 818 1100 une
838 1037 924 1101 malo

170 1139 228 1201 Bis
249 1160 320 1201 esse
343 1137 507 1213 miserum,
534 1158 585 1201 me
607 1137 696 1200 iubet
715 1138 819 1201 selum
840 1141 944 1202 Deus.

173 1241 260 1337 Quid
282 1255 353 1303 ante
377 1254 502 1322 tempus
524 1239 587 1302 fata
608 1239 792 1326 luemmque
813 1241 977 1326 occupas?

171 1349 244 1407 Nou
265 1358 339 1406 sunt
358 1356 463 1405 temen
485 1342 602 1418 future,
628 1363 711 1427 quae
732 1363 839 1406 eoram
861 1344 935 1428 geri

173 1446 345 1531 Loquebar
364 1445 499 1524 absens3
524 1445 723 1520 faeta'nunc,
744 1445 827 1509 facta
847 1447 928 1511 ultio
950 1462 1019 1512 est:

104 1557 154 1614 245
176 1551 235 1621 lte,
257 1549 303 1610 ite
324 1548 460 1620 celeres,
484 1559 640 1631 quotquot
660 1546 817 1610 infaustae
840 1547 919 1610 Sion

172 1655 271 1713 Natae
295 1663 474 1732 supersunt,
497 1648 596 1712 facite
617 1660 691 1711 ωσι
711 1663 776 1711 tota
796 1650 921 1713 excitae

172 1751 225 1814 Ab
249 1751 330 1814 urbe
352 1766 474 1827 eneam,
501 1750 586 1835 regii
608 1765 642 1814 ut
664 1751 797 1833 stirpem
819 1751 886 1815 tori

172 1853 307 1916 Doneut
327 1853 516 1936 sepulchro:
540 1874 600 1936 qua
623 1853 736 1929 iacent,
761 1874 891 1936 sparsus
914 1853 1027 1938 legant

173 1955 321 2016 Parentis
341 1955 465 2027 oeulos,
500 1974 660 2016 marmore
682 1969 716 2016 ut
737 1954 878 2018 clausum
899 1955 983 2037 pari,

102 2058 154 2111 ²5⁰
173 2056 270 2151 Quod
292 2057 384 2120 lieuit
404 2078 513 2131 unum,
536 2053 596 2117 filii
616 2055 679 2118 hoe
699 2053 837 2121 habeant
859 2059 972 2139 patris.

213 2160 353 2223 Abiere:
377 2180 460 2244 quue
478 2179 567 2222 ¹nime
589 2159 702 2241 prima,
726 2180 807 2243 quae
830 2158 959 2224 demum
978 2162 1074 2225 miser

170 2265 338 2324 Postrema
358 2259 531 2345 plangam?
552 2260 661 2336 fumat,
688 2275 721 2322 et
742 2262 849 2343 lapsae
870 2277 963 2327 vetus

136 2420 139 2426 .
171 2365 313 2462 Querela
333 2362 481 2443 Selymae
503 2359 568 2425 est!
591 2362 706 2445 polluit
727 2364 840 2446 templi
858 2364 1001 2431 intimos

170 2465 282 2529 Hostis
303 2485 470 2544 recessus3
494 2463 575 2527 orde
596 2462 786 2527 Pontificum
808 2486 911 2542 sacer,

101 2572 151 2626 255
171 2573 241 2632 Rex
263 2569 343 2650 ipse,
369 2588 482 2652 regum
502 2569 595 2650 prole
620 2588 693 2630 eum
716 2581 780 2630 tota
800 2569 913 2651 perite

149 2670 302 2754 :Captiva
321 2669 415 2733 turba
438 2685 496 2733 est.
522 2669 622 2753 Regis
645 2669 721 2733 elati
742 2669 841 2733 minis

169 2777 233 2836 Par
257 2773 467 2854 amputemus,
490 2771 639 2834 cardines
659 2772 770 2833 muudi
792 2772 921 2838 ultimes'

172 2875 266 2938 Bello
289 2874 413 2958 fatiget,
440 2894 500 2937 nee
523 2895 580 2936 suo
601 2887 724 2956 perstet
745 2875 819 2938 loeo

170 2981 311 3038 Immune
334 2976 466 3038 eaelum.
490 2980 607 3060 Magne
628 2989 781 3059 regnatur
799 2979 915 3053 Deum,

100 3084 151 3140 260
170 3085 248 3143 Tam
269 3081 373 3142 lentus
395 3077 486 3140 audis
510 3078 650 3142 seelera!
673 3093 735 3141 tam
756 3080 860 3142 lentus
882 3079 975 3144 viles

168 3188 276 3266 Reges
299 3179 474 3263 superbus!
498 3181 601 3244 ceteri
619 3203 661 3243 an
684 3178 817 3266 quidvis
832 3196 961 3265 patrant

130 3288 299 3367 .1·lm:puu'e
322 3284 410 3346 nullo
432 3283 572 3346 numinis
591 3283 671 3345 laesi
693 3297 789 3359 metu,

168 3385 302 3468 Solique
324 3384 419 3448 Iudae
440 3384 572 3448 dextera
593 3384 760 3448 trisulcum
781 3385 868 3471 gerit

167 3490 346 3572 Vibratque
370 3487 490 3553 telum?
513 3489 706 3571 Comprime,
731 3489 788 3553 ahl
810 3501 929 3555 vocem
942 3489 1047 3566 dolor,

99 3596 149 3653 265
168 3593 210 3654 Et
230 3611 288 3654 ere
307 3591 427 3676 ‘dignos
449 3591 550 3674 impie
572 3604 701 3674 questus
723 3590 826 3657 duma.
936 3602 939 3610 '
