2356 4282
398 477 664 538 Sernoureunas.
960 470 1021 537 217

69 641 84 690 5
102 642 164 701 Ios.
188 640 310 702 Grave:
333 643 390 704 sed
405 643 559 728 frequens
574 644 637 706 iam
651 642 800 727 gentibus
816 642 943 703 Phariis
961 660 1024 702 ma·

103 739 168 800 Sed
190 761 254 802 non
276 742 416 805 medenti
438 742 567 818 sufficit,
594 743 678 827 quali
701 742 770 804 lues
933 739 1022 824 [lum.

103 839 294 902 Flammetur
317 857 414 919 aestu,
442 866 547 919 nosse,
574 866 666 928 quam
688 859 812 926 partem
833 856 966 926 premat,

104 941 293 1036 Quibusque
320 966 392 1007 sese
416 947 548 1008 suscitet
571 945 707 1008 stimulis
730 944 832 1008 dolor.

103 1043 271 1104 Noscenda
293 1046 399 1108 morbi
422 1068 547 1126 caussa,
571 1061 605 1108 tu
626 1046 720 1110 nobis
743 1067 871 1130 quoque

55 1149 87 1198 10
105 1144 271 1220 Edissere,
293 1167 332 1208 ex
355 1169 418 1231 quo
441 1148 531 1211 fonte
553 1149 689 1227 manarit
709 1150 834 1210 malum.

103 1247 202 1309 Nnnt.
223 1248 332 1310 Prima
355 1274 371 1310 a
392 1250 575 1312 nomarehis
600 1271 702 1323 eausa,
729 1249 783 1332 qui
805 1248 900 1310 iussis
921 1248 984 1310 tuis

105 1351 368 1432 lnobsequentes,
392 1350 466 1412 dum
486 1352 581 1413 nimis
604 1352 694 1412 luero
717 1349 853 1426 student,

106 1451 281 1534 Pretioque
303 1473 416 1534 magna
437 1452 524 1514 farra
546 1468 634 1514 trans
654 1450 750 1512 finem
773 1453 900 1525 nebunt,

105 1555 208 1614 Parce
232 1550 390 1614 dederunt
411 1554 497 1615 ruris
519 1552 674 1616 habitanti
696 1552 765 1614 loca

58 1661 88 1711 15
106 1654 263 1714 Alimenta
285 1653 392 1735 plebi:
417 1654 532 1716 deinde
555 1676 628 1716 mox
649 1654 753 1715 minus
777 1669 809 1715 et
829 1653 944 1716 minus.

106 1756 212 1816 Vitam
234 1753 289 1815 diu
309 1756 466 1837 protraxit
487 1756 591 1817 aliena
612 1754 695 1817 fame

107 1853 285 1937 Opulentus
308 1870 427 1919 emtor:
450 1856 583 1919 tradidit
602 1878 717 1941 panem
738 1878 848 1918 manus

106 1959 231 2040 Egena:
254 1969 338 2018 tanta
358 1958 460 2020 maior
482 1972 551 2021 erat
573 1959 642 2019 auri
662 1958 772 2019 fames.

106 2060 276 2141 Postquam
297 2078 358 2140 per
380 2080 474 2142 agros
496 2074 558 2121 tota
579 2058 701 2121 defecit
720 2061 831 2132 Ceres,

55 2161 89 2212 ²⁰
107 2159 224 2221 Peeori
247 2158 394 2224 invidere
417 2161 533 2242 eoepit,
558 2175 590 2222 et
613 2176 743 2222 stratum
765 2161 854 2237 solu,

108 2260 256 2343 Virgulta
279 2274 310 2322 et
331 2261 449 2322 herbas
470 2264 582 2345 vulgus
605 2263 639 2321 in
660 2275 806 2322 ventrem
827 2260 909 2320 tulit.

108 2365 175 2423 Nec
199 2363 232 2421 in
256 2383 294 2423 eo
317 2362 446 2425 videbat
468 2363 560 2425 turba
583 2361 662 2448 quid
683 2361 807 2422 faceret
826 2358 910 2420 mali.

109 2466 186 2525 Nam
209 2483 306 2527 vacua
329 2464 421 2525 simul
444 2484 479 2525 ae
501 2478 586 2524 terra
606 2460 804 2545 graminibus
826 2459 898 2533 fuit,

107 2565 242 2626 Periere
264 2567 357 2648 nigra
378 2565 450 2627 tabe
471 2564 608 2647 lanigeri
630 2583 757 2647 greges,

56 2672 89 2722 25
110 2669 290 2749 Bovesque,
313 2682 344 2727 et
369 2665 532 2728 hominum
557 2664 713 2750 quidquid
736 2664 769 2724 in
792 2676 900 2745 pastus
921 2656 1012 2720 dedit

110 2769 225 2827 Natura
233 2787 242 2844 3
266 2768 388 2841 miseri,
409 2769 495 2831 ruris
519 2768 673 2830 excubias
697 2785 803 2837 canes,

110 2868 265 2953 lbimque‚
289 2886 320 2934 et
342 2874 400 2934 alia
423 2872 518 2936 foeda
541 2885 687 2935 contactu
710 2886 850 2953 quoque,

111 2973 248 3034 Vertere
272 2973 303 3032 in
328 2976 456 3057 epulas3
482 2976 554 3059 quis
574 2972 684 3057 putet?
706 2969 798 3032 multi
820 2960 948 3047 aspides

111 3073 285 3146 Verentur,
311 3089 343 3136 et
364 3096 486 3138 venena
508 3076 688 3157 prudentes
712 3071 817 3135 edunt.

59 3183 94 3233 30
113 3173 178 3236 Stat
197 3179 301 3260 turpis
323 3198 380 3240 ore
402 3179 505 3259 pallor
528 3192 559 3238 et
580 3175 681 3238 fluitat
703 3175 795 3246 cutis,

110 3278 293 3363 Abantaque
315 3280 398 3340 intus
421 3277 539 3338 lumina
560 3289 653 3360 atque
677 3288 761 3337 artus
784 3273 880 3334 hiant.

110 3383 234 3445 Pressit
255 3381 402 3464 querelas
424 3379 559 3461 gemitus
580 3376 694 3437 infelix
717 3375 780 3434 diu.

110 3483 252 3546 Tandem
275 3505 355 3544 unus
377 3483 520 3563 alterque
542 3480 607 3540 otio
632 3477 717 3540 soliti
738 3477 832 3557 pigro

113 3585 298 3650 Tradueere
319 3606 441 3657 aevum,
463 3586 614 3666 laevaque
637 3580 704 3641 ausi
728 3579 820 3640 etiam
842 3573 932 3658 prius
