2356 4282
99 464 143 536 tt
493 468 635 532 Puram

167 633 339 717 Implesse3
363 633 439 697 facti
461 636 566 719 gloria
587 648 750 698 auctorem
772 648 888 699 manet.
957 670 960 679 ·

99 756 152 811 255
169 741 246 803 net.
272 740 344 835 Quo
368 738 503 822 rapior?
526 737 582 800 ubi
603 737 692 802 sum?
714 739 878 802 Percitum
901 756 998 803 sacro
1017 734 1086 799 furit

169 841 297 904 Ardore
319 857 439 926 peetus.
467 842 601 907 Viscera
623 841 765 904 inlusum
786 841 881 904 altius

169 946 329 1008 Gonoussa
353 944 475 1027 spirant
496 947 630 1007 Numen.
651 943 823 1026 Impatiens
842 942 908 1004 Dei

168 1049 269 1131 Agor.
293 1047 378 1109 Hine
399 1045 555 1130 profanus
577 1047 606 1109 si
628 1047 699 1133 quis
723 1061 781 1122 est,
803 1047 896 1110 cedat
915 1043 1039 1128 procul.

487 1292 634 1342 canticum
650 1290 783 1342 Deborae.

172 1438 237 1501 Vos
260 1436 315 1519 qui
338 1449 450 1519 sponte
474 1452 568 1521 eaput
591 1437 663 1498 duri
683 1436 723 1499 ad
744 1431 930 1497 discrimina
950 1430 1030 1495 belli

103 1535 332 1612 ottobonus,
359 1560 504 1622 magnum
527 1539 603 1600 laeti
624 1538 785 1600 celebrate
807 1540 997 1598 Tonantem.

169 1638 310 1720 Imperio
333 1639 477 1723 quisquis
499 1641 636 1722 populos
657 1655 799 1723 nutuque
821 1651 964 1711 coercet,

168 1739 287 1803 Audiat
307 1742 386 1803 baec
408 1745 609 1827 memorique
631 1743 736 1804 animo
758 1762 828 1806 mea
851 1738 935 1802 dieta
950 1747 1087 1822 reponat.
1126 1816 1128 1821 Ι

168 1842 324 1906 Isacidum
346 1843 444 1907 decus
467 1858 499 1908 et
519 1846 641 1910 Divum
661 1859 788 1907 cantare
809 1857 973 1926 potentem

168 1947 246 2010 Fert
268 1948 401 2012 animus.
420 1952 468 2009 'l'u
491 1970 612 2010 summe
634 1951 755 2010 Parens
777 1966 850 2009 eum
871 1946 956 2007 celsa
975 1941 1075 2006 Seiris

101 2059 150 2114 265
170 2050 312 2114 Culmina
338 2051 509 2114 desereres
532 2053 682 2136 opulenta
703 2050 821 2112 feracis
842 2047 968 2110 Idumes

166 2155 253 2216 Arra
274 2168 399 2243 petens,
422 2154 552 2216 tremuit
572 2155 665 2215 tellus
688 2173 841 2215 concussa
863 2170 1042 2235 gravesque

166 2247 322 2320 Effutlere
345 2258 482 2320 imbrem
504 2257 606 2320 nimbi
624 2257 858 2341 liquefactaque
879 2255 1006 2318 circum

166 2362 354 2422 Decurrere
377 2360 451 2443 iuga
472 2361 506 2422 in
527 2381 694 2444 praeceps,
716 2358 872 2442 fluxitque
895 2359 1001 2420 soluto

168 2462 258 2524 Colle
282 2463 365 2524 Sina.
390 2465 525 2548 Exque
548 2483 583 2524 se
606 2463 735 2525 soboles
756 2461 918 2525 Auathaea
941 2458 1091 2544 lahelque

219 2712 270 2768 .V·
291 2713 352 2766 259.
369 2724 433 2781 qu.
461 2706 610 2762 Canticum
638 2703 783 2760 Deborae.
818 2705 859 2760 Ex
882 2703 947 2759 Iud.
974 2718 1038 2776 cap.
1068 2712 1091 2762 5.

166 2795 341 2852 Hexametri.

235 2901 272 2954 V·
293 2903 351 2955 264.
371 2896 466 2962 Seir,
480 2912 562 2949 mous
574 2892 735 2964 Idumaeae,
753 2910 840 2966 quem
856 2892 1004 2948 incolebat
1014 2895 1094 2950 Esau·

166 2984 233 3040 Seir
250 2983 328 3038 idem
346 2982 427 3056 quod
444 2984 521 3038 Esau
539 2982 623 3049 (Gen.
643 2989 686 3047 25,
704 2985 762 3050 25.)
788 2980 963 3036 hirsutus
987 2979 1093 3055 signiti-

168 3081 218 3126 eat.
232 3074 285 3125 los.
298 3069 451 3125 Archaeol.
467 3085 492 3136 1,
509 3076 555 3128 19:
575 3068 764 3136 ’Ῥπεχώρησεν
781 3068 813 3122 εἰς
829 3066 956 3128 Σάειραν.
979 3065 1095 3120 traaas«

167 3155 220 3227 yria
239 3160 346 3210 lauretto
365 3154 414 3225 τήν
432 3154 536 3215 διαίταις
558 3154 770 3224 προσαγορεύσας
792 3149 824 3207 τὸ
846 3153 954 3222 χώρων
976 3149 1032 3206 ἀπὸ
1054 3151 1095 3219 τῆς

167 3243 252 3297 αὐτοῦ
269 3245 420 3317 τριχώσεως
437 3242 549 3300 δασείας.

236 3353 271 3407 V·
291 3355 350 3407 269.
369 3347 529 3403 Soboles
551 3343 830 3401 berthoarae.
857 3342 988 3416 samgar,
1018 3343 1094 3398 filius

167 3434 289 3505 Anath13
315 3435 351 3490 ef.
372 3434 435 3491 lud.
455 3442 481 3502 ³,
500 3441 542 3491 31.
572 3439 594 3489 Ι.
615 3432 727 3488 elude
745 3450 760 3487 a
781 3440 877 3485 morte
893 3430 980 3498 Aodi,
1007 3447 1095 3504 quem

167 3532 283 3578 secutus
301 3534 345 3578 est
355 3521 484 3595 samgar,
503 3521 540 3576 nd
557 3529 655 3575 nostra
672 3537 765 3593 usque
783 3529 916 3590 tempora
934 3525 1015 3571 terra
1033 3526 1096 3572 erat

169 3609 262 3665 omnis
279 3609 390 3668 infesta.
426 3612 543 3683 Tesqua
558 3616 624 3663 aaut
640 3606 706 3664 loca
725 3605 839 3662 deserta
856 3613 885 3660 et
901 3603 1021 3684 incultas
