2356 4282
468 471 638 534 Senectus.

56 645 110 699 1⁴5
129 640 228 703 Dicto
250 640 431 705 audientem
452 640 553 704 filium
574 656 607 706 et
628 642 716 727 frugi
738 642 835 706 iore‘l

129 744 197 805 Dei
218 759 250 806 et
271 756 439 826 parentum
458 746 634 809 nascimur:
657 767 722 807 non
745 745 894 809 vendicat

129 848 293 930 Mancipio
317 847 460 911 aba'ctum
481 847 582 910 filiurn
603 863 638 910 ut
657 849 810 932 praedam
836 864 936 932 pater.

128 950 212 1013 Nub.
234 951 276 1011 At
298 950 384 1011 enim
405 965 572 1033 parentum
595 967 669 1014 nota
691 952 839 1014 maiestas
861 952 975 1035 palam,

131 1055 173 1114 Et
197 1067 272 1116 nota
292 1073 416 1137 regum,
438 1053 548 1116 facere
571 1054 599 1115 si
622 1054 706 1117 iussa
730 1054 852 1128 abnuis,

56 1161 111 1213 150
133 1154 261 1220 Vindex
281 1169 439 1237 potestas:
463 1155 549 1241 quod
570 1157 633 1218 coli
655 1160 781 1218 Numen
806 1157 909 1230 iubes,

133 1257 169 1320 Si
190 1278 284 1319 nemo
307 1257 407 1332 norit,
430 1257 458 1319 si
481 1258 625 1319 scelestis
650 1258 812 1343 integrum

133 1357 243 1434 Addit,
267 1372 301 1422 et
322 1359 461 1422 utrosvis
483 1359 651 1420 fulminum
673 1358 782 1423 afflatu
799 1358 904 1444 petit?

131 1464 194 1525 Ier.
208 1462 446 1525 Documentum
457 1463 491 1522 in
509 1463 623 1546 iugens
638 1462 770 1547 regibus
780 1463 926 1526 Hebraei
937 1483 1055 1540 sumus,

133 1563 236 1658 Quam
259 1578 346 1626 certa
369 1564 485 1645 Superi
510 1563 624 1626 damna
647 1567 786 1649 neglecti
807 1565 924 1629 ferant.

57 1678 112 1730 155
132 1669 201 1728 Nec
223 1665 283 1727 tibi
306 1664 446 1748 superbo
471 1681 581 1728 cuncta
603 1667 630 1728 si
656 1667 695 1729 ad
718 1680 825 1730 votum
847 1665 958 1744 fluunt,

135 1769 190 1831 Sic
211 1767 310 1830 fuerit
334 1766 426 1830 olim:
451 1768 610 1830 vindicem
633 1791 787 1853 agnosces
811 1773 925 1832 Deum.

135 1872 238 1952 Saepe
259 1869 315 1931 ille
338 1891 451 1946 seram,
480 1870 536 1932 sed
558 1892 689 1955 gravem
709 1892 845 1956 poenam
868 1872 976 1956 exigit.

131 1973 216 2036 Nat.
237 1971 425 2056 Longinqua
448 1994 575 2049 narras3
609 1987 755 2056 tempore
778 1988 909 2058 accepto
930 1973 1061 2036 interim

133 2078 274 2137 Utamur.
319 2077 376 2138 Ier.
397 2073 537 2163 Ecquqd
560 2090 685 2159 tempus
706 2091 870 2160 acceptum
893 2096 998 2150 vocas,

60 2178 114 2231 160
134 2179 214 2239 Cum
235 2176 387 2260 polliceri
409 2176 583 2251 crastiuum
605 2200 698 2240 nemo
724 2177 862 2241 audeat?

131 2280 215 2344 Nat.
238 2282 320 2341 Cane
343 2278 402 2340 ista
424 2272 598 2340 Hebraeis:
622 2281 750 2342 numina
773 2296 810 2344 et.
827 2294 914 2344 vates
938 2278 1017 2343 mihi
1112 2345 1115 2352 ,

133 2384 264 2444 Timent
285 2383 416 2442 minari:
441 2381 468 2442 si
490 2381 570 2442 meis
593 2383 759 2466 quisquam
781 2382 894 2445 audeat

134 2484 276 2547 Obstare
300 2483 394 2559 votis,
419 2481 550 2544 obruam
574 2488 690 2565 Mystes
714 2485 778 2546 suis

133 2590 289 2671 Deosque
312 2585 452 2668 templis.
495 2587 555 2648 Ier.
578 2585 683 2647 Obrui
705 2586 809 2668 putris
831 2601 953 2671 queunt

63 2695 113 2748 165
133 2688 290 2751 Ludibria
312 2687 429 2761 trunci,
458 2687 549 2750 stulta
572 2708 652 2771 quae
676 2688 786 2749 Persis
811 2689 903 2751 colit:

134 2794 178 2854 At
200 2792 254 2852 ille
277 2803 388 2852 noster
413 2789 467 2874 qui
490 2803 578 2851 tenet
600 2789 721 2852 caelum
745 2791 835 2851 Deus

132 2896 294 2976 Nusquam
315 2906 441 2954 tenetur
463 2893 587 2955 clausus
607 2908 639 2956 et
661 2914 814 2977 nusquam
838 2892 954 2974 deest3
1050 2968 1053 2973 1

133 2996 381 3080 Mortaliumque
403 2995 475 3069 fata,
499 3017 673 3079 regnorum
694 2996 798 3071 vices,

134 3104 207 3163 Non
232 3092 364 3161 fortuita
387 3118 501 3160 caecus
524 3119 562 3159 ex
583 3122 663 3160 urna
684 3112 809 3178 movet3

64 3209 117 3261 170
137 3201 202 3263 Sed
224 3215 330 3263 mente
352 3200 448 3284 longe
469 3199 607 3284 provida
630 3222 739 3262 rerum
764 3200 893 3263 modum

136 3309 299 3387 Metasque
320 3303 423 3386 ponit.
467 3305 549 3367 Nat.
570 3308 692 3387 Regna,
718 3324 893 3387 regnorum
917 3319 1022 3381 status,

136 3412 272 3468 Martem
295 3404 479 3480 secundum,
503 3421 575 3471 vota
594 3406 628 3467 in
648 3405 706 3466 hac
729 3407 824 3488 posui
844 3429 952 3469 manu.

136 3508 294 3572 Procerio
315 3523 477 3591 regnatur,
504 3508 560 3570 ubi
582 3508 679 3591 capiti
699 3508 844 3570 imminet

103 3632 107 3638 ·
136 3611 242 3674 Maior
262 3622 414 3694 potestas.
456 3614 515 3675 let.
537 3610 603 3706 Qui
623 3613 696 3672 Deo
719 3609 814 3673 subdi
835 3613 959 3690 abnuit.
