2356 4282
99 457 161 527 108
472 484 477 491 ·
497 440 708 526 Manarunrrr

98 642 150 699 230
167 632 240 693 Hoc
256 649 321 693 non
339 629 467 694 dedisti.
511 632 592 697 Nol.
614 634 746 711 Fateor3
768 631 832 695 hoc
852 631 973 694 habeas
994 647 1081 707 tuum,

169 732 264 831 Quod
285 731 484 816 perfidorum
504 733 648 818 perfidus
670 755 783 818 regum
805 756 839 797 ea
862 755 984 818 nepos:

168 836 291 899 Carere
312 850 456 899 nostrum
478 852 527 899 est
549 859 590 899 ne
613 859 673 922 qua
696 836 873 899 damnatum
894 856 999 921 genua

169 936 304 999 Soboles
325 953 491 1024 propaget,
515 959 643 1025 semper
664 953 698 1001 ut
719 939 899 1002 minoribus

99 1048 104 1057 ’
170 1038 311 1103 Perfidia
335 1042 460 1123 placeat
478 1041 591 1116 maior,
618 1056 650 1104 et
670 1042 780 1103 inausa
802 1040 925 1105 audeat.

99 1145 148 1199 235
167 1142 241 1205 Sed.
262 1143 352 1237 Quos
374 1142 436 1204 iam
459 1142 598 1205 rebelles
622 1144 720 1225 (velle
742 1142 807 1222 fac)
829 1162 942 1205 rursus
966 1157 1074 1228 queant

168 1249 310 1307 Tentare
329 1244 492 1327 populos?
535 1244 730 1339 Quantulum
751 1243 908 1307 Isacidum
930 1245 1032 1310 fames

101 1334 105 1343 ¹
167 1349 338 1431 Pestiaque
361 1348 521 1431 reliquum
544 1348 698 1423 fecerant,
725 1345 869 1410 flammae
891 1364 924 1412 et
945 1348 1040 1414 furor

169 1450 318 1512 Inimicus
341 1449 462 1512 hausit:
486 1451 573 1512 nulla
594 1465 656 1512 tam
678 1449 809 1534 grandia
832 1470 943 1514 senem

169 1554 265 1615 Aetas
286 1552 442 1633 redemit3
467 1553 619 1615 feminam
642 1554 746 1615 nullus
769 1553 883 1636 pudor,

100 1663 152 1715 240
168 1658 239 1720 Nisi
259 1658 363 1720 forma
384 1659 520 1742 placuit:
545 1659 694 1724 vineatis
716 1659 773 1721 leti
796 1679 894 1742 capax

168 1763 234 1820 Per
254 1762 368 1822 vulnus
389 1761 494 1824 infans
517 1761 625 1823 matris
647 1761 797 1824 occubuit
819 1783 903 1839 suae,

168 1863 334 1926 Nascendo
357 1853 519 1926 moriens.n
563 1863 628 1925 Sed
649 1863 735 1948 quod
757 1864 924 1950 indignum
945 1865 1082 1928 hactenus

169 1967 277 2028 Possit
298 1966 413 2042 videri,
439 1988 543 2051 pugna
566 1968 733 2029 nocturnis
755 1968 835 2052 tegit

171 2070 344 2131 Commissa
366 2068 528 2151 tenebris3
552 2069 569 2130 f
610 2069 616 2084 '
649 2070 715 2157 lroc
739 2069 830 2133 tincti
853 2070 960 2132 semel,

102 2179 151 2233 245
170 2173 266 2234 Ferri
287 2170 400 2247 libido,
428 2172 507 2235 fecit
529 2084 678 2253 intimis
700 2171 803 2233 dolor.

170 2278 242 2336 Non
264 2273 360 2335 facile
383 2273 495 2335 frenos
517 2275 573 2348 ira,
597 2295 662 2335 non
681 2278 809 2336 Mavors
832 2272 926 2356 capit.

171 2376 403 2474 Quodcumque
425 2375 552 2438 tandem
575 2390 632 2450 est,
658 2376 794 2437 militurn
815 2374 916 2437 fuerit
938 2374 1054 2451 scelus5

171 2479 286 2540 Adhuc
309 2492 476 2539 cruentum
497 2477 582 2538 nulla
605 2492 634 2539 te
659 2477 823 2539 absentem
847 2491 958 2560 potest

170 2581 303 2643 Fecisse
324 2579 448 2641 caedes.
493 2580 584 2641 Nunc
609 2579 665 2640 ubi
685 2600 844 2642 armorum
867 2579 986 2661 impius

103 2695 153 2747 250
170 2682 305 2744 Resedit
327 2680 435 2754 ardor,
457 2680 573 2744 tollere
595 2682 720 2764 puellos
742 2693 844 2763 potes,

172 2785 266 2847 Miles
290 2783 406 2868 quibus
428 2784 585 2866 pepercit,
615 2797 646 2845 et
669 2783 761 2844 miles
781 2780 920 2846 furens?

171 2889 253 2952 Nub.
274 2891 347 2951 Hoc
369 2902 418 2950 est
443 2885 529 2971 quod
550 2887 609 2948 alta
633 2887 704 2948 luce
726 2886 882 2947 victorem
903 2880 1014 2967 pudet,

173 2991 269 3087 Quod
291 2991 394 3053 adhuc
416 2989 516 3052 inulto
538 2991 621 3050 nulla
644 2987 783 3051 vindicta
804 2987 929 3070 obtigit.

172 3096 284 3169 Atrox,
311 3107 477 3157 cruentum
501 3093 528 3152 si
552 3091 629 3176 quid
651 3090 823 3152 admissum
843 3089 1010 3165 hactenus,

103 3207 155 3262 255
174 3197 210 3259 ld
232 3211 345 3260 noster
365 3196 470 3258 animo
490 3196 582 3257 miles
603 3193 735 3255 indulsit
759 3211 835 3270 su03

173 3301 255 3364 lllihi
276 3300 322 3360 nil
344 3299 466 3360 litatum
488 3312 553 3360 este
577 3314 661 3358 nunc
683 3317 787 3357 meum
808 3309 933 3377 tempus
956 3309 1049 3359 vocat

174 3405 299 3464 Furere
320 3400 475 3462 furorem.
499 3400 620 3473 Lictor,
649 3398 729 3461 haec
751 3411 894 3460 monstra
916 3396 1026 3461 abdito

177 3505 283 3586 Specu
305 3502 457 3577 reconde,
483 3520 582 3584 panca
605 3499 680 3561 dum
699 3519 824 3562 mecum
848 3500 954 3584 exigo,

175 3608 380 3688 Poenumque
402 3603 573 3664 Hebraeae
597 3622 716 3685 quaero
738 3598 894 3685 perfidiae
913 3620 1038 3685 parem.
