2356 4282
496 469 640 533 Oceanus.

106 640 207 710 Venti
228 640 396 718 lacessunt,
423 641 529 704 nullus
551 660 591 703 ex
611 639 677 704 imo
696 639 803 704 minax

108 744 288 808 Pesmiscet
309 758 431 825 aestus3
455 762 564 828 puppe
585 742 664 828 quid
683 756 811 828 pontum
831 742 956 829 integra

60 854 92 907 tt
110 846 269 910 'l'suuisse
289 847 406 910 micum
428 845 497 910 est?
525 845 614 909 Artis
636 845 699 908 laoc
720 843 895 928 specimen,
920 864 1035 931 graves

110 950 272 1033 Supeasae
292 947 407 1013 fluctus
427 969 535 1034 posse,
561 967 623 1012 nee
645 947 731 1014 vinci
753 947 855 1012 malis.

107 1054 192 1117 Has.
219 1051 314 1116 Haud
335 1053 395 1116 ista
416 1073 479 1137 pru
500 1073 551 1116 me
574 1053 657 1116 bella
678 1065 872 1143 metuentem
893 1050 987 1117 dolat

107 1154 257 1221 Privatus
277 1155 374 1239 angit.
401 1155 545 1218 Carnem
567 1153 721 1218 incolumi
742 1154 819 1219 licet

107 1257 250 1320 Patriam
268 1256 446 1320 cadentem.
469 1255 618 1319 Foedere
640 1255 704 1320 hoc
728 1278 853 1321 mecum
877 1276 987 1320 manus

54 1367 90 1422 60
108 1357 297 1421 Chananaea
318 1359 431 1434 iunxit,
456 1373 565 1421 nostru
586 1371 620 1421 ut
640 1359 675 1420 in
697 1371 763 1422 tuto
785 1358 898 1422 domus

109 1462 152 1524 Et
171 1461 268 1523 scutis
291 1475 380 1525 extra
401 1459 514 1523 damna
534 1460 711 1523 communis
734 1460 843 1524 furet-

109 1567 159 1626 Te
181 1583 296 1648 magne
315 1576 418 1626 testor
439 1562 570 1647 genesis
591 1563 737 1625 Hebraei
760 1582 887 1646 parens,

107 1666 180 1729 Non
198 1685 252 1727 me
272 1665 334 1726 ulls
356 1666 467 1748 populi
489 1663 561 1746 fata,
581 1686 646 1726 non
669 1685 778 1729 saevas
799 1666 887 1730 vices

107 1765 246 1850 Fugisse
270 1767 402 1850 patriae·
449 1766 561 1830 Nullus
581 1767 731 1851 ignavum
752 1768 850 1830 timor

53 1885 88 1939 65
109 1866 160 1930 Ad
182 1869 261 1930 hacc
284 1868 412 1953 subegit
433 1868 513 1945 iura,
540 1866 597 1931 sed
620 1869 724 1952 gentis
747 1870 830 1932 salus

110 1971 302 2055 Pietasque3
327 1970 407 2035 dura
430 1984 517 2034 sorte
538 1972 697 2054 perculsis
719 1992 815 2055 opem

112 2074 199 2136 Clam
221 2094 300 2159 rege
323 2074 412 2138 volui
433 2072 534 2137 ferre.
559 2078 628 2138 Nec
650 2096 701 2137 me
721 2074 838 2138 consili

109 2178 288 2262 Hucusque
308 2175 443 2260 pigitum
463 2191 523 2238 eat.
549 2177 718 2261 Supplices
740 2178 865 2262 quatiet
886 2178 955 2242 lare

109 2280 290 2362 Protegere
311 2276 375 2340 lide
398 2279 496 2354 licuit,
522 2279 667 2342 insontes
692 2281 794 2343 labin·

54 2392 91 2444 70
110 2381 330 2478 Quoscunque
351 2396 464 2444 saevus
486 2380 629 2464 pressit?
650 2382 830 2445 Innumeris
851 2383 959 2469 fugam

113 2486 185 2549 Vox
208 2482 287 2545 hacc
306 2501 484 2569 necemque
507 2485 635 2568 repulit.
658 2485 752 2549 Haud
773 2486 867 2550 aliter
888 2484 968 2551 suit¹

112 2585 314 2649 Praemissus
337 2586 433 2650 istinc
455 2587 535 2650 Ituci
556 2588 707 2651 Pharium
729 2608 832 2672 nepus

110 2689 219 2752 Ftaxta
238 2703 417 2771 tyranuum,
441 2689 518 2753 sede
540 2711 612 2752 cum
633 2690 736 2774 patria
756 2708 890 2757 movens

111 2790 235 2854 Niliaea
257 2810 356 2875 regns
378 2791 474 2874 plebe
496 2805 642 2854 natorum
662 2812 779 2875 parens

62 2902 94 2956 75
113 2893 296 2966 eomitante
315 2893 419 2976 petiit.
448 2892 514 2957 Sed
535 2894 609 2957 mali
630 2907 794 2978 expertem
816 2892 895 2956 licet

112 2997 229 3059 Aliena
250 2992 383 3081 tangunt
401 2995 525 3059 damna,
547 3002 601 3060 He
624 2997 740 3060 summi
760 2990 842 3059 fides
875 3022 878 3027 ·

112 3096 261 3162 Numinis
281 3113 314 3162 et
335 3101 440 3163 Areae
459 3121 539 3163 cura
561 3101 702 3183 captivae
724 3113 842 3166 movet.

115 3202 202 3264 lllam
223 3201 369 3285 profanis
390 3198 548 3266 baubatus
569 3202 662 3265 miles
685 3202 818 3264 trahens
888 3200 891 3204 ’
941 3200 944 3205 ’

116 3303 280 3369 Lust'mbit
300 3303 427 3368 aculis?
452 3305 536 3368 clara
558 3317 606 3368 tut
628 3302 730 3389 siguis
751 3323 849 3368 ovans

118 3473 321 3486 Ἣ

185 3579 223 3637 V.
245 3584 289 3662 η.
305 3577 374 3635 lsaci
395 3595 485 3655 nepus
503 3579 522 3634 i.
544 3595 569 3637 e.
591 3576 743 3652 losephua
