2356 4282
156 421 217 491 186
552 421 679 485 Gnoru

171 590 274 652 7011Ιί
294 589 466 674 loquendo,
490 611 549 653 nos
571 589 710 654 tacendo
729 589 908 674 prodimus.

223 693 301 755 Cum
313 693 368 754 'nil
387 694 537 758 timentes
557 692 697 756 feminae
719 694 806 757 illius
826 695 931 776 palem

222 798 258 857 ln
281 815 397 857 nomen
420 797 514 870 irent,
538 815 598 857 nos
620 797 806 878 magistrum
827 805 1006 879 agnoscere

224 898 348 980 Segnes
369 898 483 980 pavori
504 897 610 959 noctis
632 896 776 959 umbram
798 896 1015 960 obtendimus.

223 997 371 1081 losephe,
393 997 520 1060 taudem
542 1012 649 1060 nostra
671 1019 743 1060 sese
766 999 871 1080 sperit
891 997 985 1073 fides,

172 1111 204 1164 75
226 1099 291 1162 Sed
313 1101 347 1160 in
368 1113 558 1183 peremtum.
605 1103 668 1163 Ios.
690 1101 776 1166 Vere
797 1114 842 1174 tu,
865 1099 982 1175 fateor,
1005 1122 1125 1165 mones.

223 1200 288 1263 Sed
309 1201 365 1264 ille
385 1203 516 1284 rapiens
537 1200 698 1264 redditum
718 1222 836 1285 vesper
858 1200 945 1264 diem

222 1303 306 1362 Cura
329 1322 487 1387 peregere
510 1303 592 1366 insta
614 1324 673 1366 nos
694 1302 785 1388 vigili
807 1303 906 1366 iubet.
989 1312 993 1319 '

221 1406 293 1466 Nou
316 1404 412 1488 louge
436 1402 480 1466 eh
501 1405 573 1488 ipso
595 1405 776 1489 Golgothae
796 1403 927 1467 infamis
947 1403 1027 1490 iugo

223 1508 342 1570 Subter
362 1509 505 1571 virentes
530 1508 682 1571 arborum
704 1510 824 1593 tegitur
844 1529 958 1572 eomes

172 1621 207 1676 8⁰
222 1612 344 1671 Purum
368 1629 549 1694 recensque
571 1612 663 1694 rupis
684 1611 812 1674 excisae
833 1631 956 1685 cavum,

221 1709 371 1773 Nondum
393 1727 545 1794 occupate
568 1714 714 1775 manibus
739 1713 839 1775 sacris
861 1711 987 1775 domus.

221 1813 390 1876 Tumulum
412 1829 558 1878 senectae
578 1835 683 1896 nuper
705 1816 842 1877 electum
863 1822 954 1876 meae
1000 1825 1005 1830 ’

223 1918 323 1978 Nune¹
337 1915 454 1978 melior
475 1914 594 1997 hospes
616 1915 759 1995 habitet3·
781 1916 919 2000 insignis
940 1916 1007 1979 viri

222 2019 320 2079 Notet
342 2017 545 2099 sepulchrum
566 2039 698 2102 magnus
720 2017 861 2080 hisceuti
878 2019 962 2100 lapis
1025 2028 1030 2036 '

171 2127 205 2181 85
222 2118 401 2199 Oppositus
422 2132 523 2182 antro.
550 2118 632 2213 Quis
654 2119 716 2182 soit
737 2130 776 2181 s'n
798 2140 872 2181 mox
892 2119 1038 2182 sanctior

222 2219 380 2283 Adveniet
401 2233 495 2295 setes,
518 2222 612 2283 turba
634 2233 706 2282 oum
725 2219 808 2282 hanc
829 2219 940 2282 sedem
963 2219 1127 2306 frequens,

222 2324 264 2385 Et
284 2319 367 2385 flers
380 2334 503 2405 ‘regum
526 2323 638 2404 capite,
664 2342 727 2405 pro
748 2323 867 2404 templo
889 2321 1005 2398 colant,

222 2423 426 2507 Dignumque
448 2421 584 2486 credant
607 2436 639 2485 et
659 2423 748 2484 mari
762 2439 795 2486 et
815 2423 907 2486 fe'rro
929 2423 1028 2506 peti?

221 2525 292 2587 Nic.
314 2524 407 2608 Aqua
428 2537 509 2606 pure
533 2523 642 2598 fontis,
666 2523 975 2608 vosque'odoriferu
996 2546 1017 2589 e
1040 2527 1128 2610 plaga

172 2637 205 2688 90
226 2628 300 2690 Cari
321 2627 483 2711 liquores}
510 2647 602 2691 saeve
625 2647 705 2711 quos
728 2628 840 2690 tumuli
860 2627 945 2712 fugit

224 2730 331 2793 Tabes
354 2729 470 2804 edacis,
495 2730 609 2813 tingite
630 2729 691 2793 hos
713 2731 818 2793 vultus
838 2730 921 2812 pios,

223 2834 341 2894 Intrate
362 2831 489 2913 penitus
512 2852 579 2894 ors.
603 2831 677 2893 Non
698 2831 788 2892 Deus
808 2831 871 2893 hoo
895 2830 988 2906 siunt,

222 2936 295 2995 Non
316 2931 390 3006 fata,
412 2932 508 2995 morti
528 2933 625 2995 liceat
645 2945 679 2994 ut
700 2932 869 3016 quicquam
890 2933 1028 3016 emplius

223 3037 303 3096 lstos
325 3033 367 3096 in¹
380 3047 476 3096 ertus'.
501 3034 599 3118 Siqua
619 3033 750 3118 relligio
771 3033 898 3109 inferis,

173 3138 296 3203 certon
315 3133 412 3196 foede
435 3134 524 3197 tabes
545 3133 673 3198 ossibus
694 3133 789 3197 nudis
810 3133 898 3208 fluet,

224 3240 293 3299 Nec
314 3256 432 3318 corpus
451 3235 616 3298 illudulla
639 3236 794 3300 dissolvet
812 3234 897 3298 dle&

442 3364 591 3417 lohannes.
626 3348 836 3418 Moria‘tsoter
851 3368 928 3419 less.

225 3455 417 3522 Veneranda
437 3457 542 3541 virgo,
567 3471 654 3520 certa
674 3446 851 3542 progenies
872 3457 964 3521 ducis
1022 3450 1025 3456 ’

226 3559 293 3620 Sub
314 3557 385 3618 iura
407 3558 497 3619 cuius
518 3559 579 3622 ivit
598 3560 773 3643 Euphratis
795 3559 919 3634 vadum,

229 3657 393 3755 Quicquid
413 3659 567 3723 rubentes
589 3661 675 3725 iuter
696 3675 729 3724 et
747 3659 864 3725 fluctus
885 3661 981 3739 iacet,

67 3980 181 4032 ἢ.
