2356 4282
515 474 664 538 Scaeuae.

74 641 108 694 1⁰
126 637 248 702 Facilis
266 639 331 703 mei
351 641 472 706 iactura
480 664 490 722 3
513 664 574 706 nec
596 643 674 706 tanti
696 655 745 705 eat
766 664 801 706 ac

126 742 254 806 Patriae
275 744 385 808 ruinas
405 746 491 810 iuter
513 760 546 811 et
567 763 706 832 stragem
727 746 863 829 inclytae

126 847 268 929 Raptare
290 848 405 930 gentis.
427 850 497 911 lab.
523 850 577 912 Sic
598 848 691 911 decet
712 848 814 912 fortes
837 849 938 932 loqui.

123 946 207 1010 Hah.
216 947 604 1018 SiciacercdalaNunete
613 952 782 1036 coniugem
791 972 930 1035 agnosco
939 971 1054 1015 meum.

125 1050 210 1113 Hac.
234 1050 371 1146 Quidvis
394 1068 545 1117 cruentus
568 1068 688 1129 statuat,
712 1054 869 1137 excipiam
890 1068 978 1117 metu

74 1154 107 1208 15
126 1153 269 1216 Vacuus.·
287 1155 357 1216 lala
385 1157 492 1221 Breve
508 1169 559 1218 est
573 1171 751 1218 certamen:
774 1170 938 1218 aeteruum
956 1153 1056 1219 decus

124 1254 226 1317 Coelo
248 1269 423 1338 repostum.
444 1260 528 1320 Hah.
553 1257 628 1321 Sive
647 1277 709 1340 per
730 1257 829 1320 latera
851 1257 952 1342 exigit

123 1356 263 1419 Ferrum
288 1373 452 1440 tyrannus,
475 1361 544 1424 sive
565 1381 626 1443 peu
645 1373 754 1442 partes
774 1359 845 1443 rapi

123 1458 271 1521 Membra
293 1476 346 1523 aut
364 1463 503 1524 cremari
526 1462 643 1536 iubeat,
668 1482 771 1545 aequo
793 1461 897 1524 anim'c
920 1461 1033 1526 feram.

123 1562 195 1622 lab.
216 1563 306 1626 Haec
327 1583 515 1648 quamquam
534 1563 655 1626 habere
676 1563 724 1625 sic
744 1562 847 1640 decet,
885 1586 987 1650 prona
1005 1579 1054 1628 est

72 1669 105 1722 ἕο
123 1664 162 1723 In
183 1663 298 1727 melius
321 1680 354 1728 et
376 1687 489 1729 secura
509 1666 621 1728 nescio
645 1664 724 1748 quid
744 1666 815 1747 spei
937 1671 1057 1745 [tamen

122 1767 217 1827 Mens
230 1767 334 1850 agitat.
356 1770 438 1830 Hac.
454 1768 581 1832 Utinam
590 1766 736 1828 fallathic
745 1767 800 1850 qui
813 1767 949 1831 animum
958 1770 1056 1832 timor

125 1867 268 1950 sperare
289 1871 403 1954 populi
425 1871 520 1933 funus
542 1883 719 1932 extremum
741 1869 839 1933 iubet.

123 1971 196 2031 lala.
220 1971 317 2067 Quod
339 1972 474 2057 quisque
494 1972 616 2047 metuit,
645 1992 742 2054 posse
761 1973 814 2038 vix
832 1974 904 2036 tolli
922 1986 1018 2056 putat.

123 2074 208 2135 Hab.
232 2076 299 2136 imo
321 2072 384 2136 hoc
404 2075 555 2151 futurum,
581 2073 668 2158 quod
685 2076 782 2159 cupit,
807 2076 939 2141 nimium
954 2089 1052 2158 putat.

72 2184 102 2240 25
123 2175 195 2271 Qua
216 2197 272 2258 spe
292 2178 423 2239 salutem
442 2176 630 2262 praecipis?
656 2180 725 2239 lala
750 2178 852 2272 Quam
872 2192 937 2242 tum
955 2177 1054 2242 lsrael

122 2279 254 2355 Habuit,
279 2300 341 2363 per
362 2278 462 2341 undas
482 2279 562 2341 calle
585 2300 654 2342 cum
679 2280 765 2342 sicco
785 2280 887 2363 pedes

122 2380 277 2455 Traiecit,
307 2396 359 2444 aut
381 2401 451 2444 cum
474 2380 646 2465 squallidas
667 2380 810 2444 Arabum
830 2384 939 2468 plagas

120 2484 317 2565 Permensus
339 2484 398 2545 ista
420 2505 510 2545 serua
531 2484 565 2545 in
586 2505 687 2568 regna
709 2485 842 2568 appulit·

119 2585 205 2648 Hac.
227 2585 280 2647 An
297 2599 362 2648 tum
379 2585 549 2670 pepercit?
574 2608 649 2669 pars
669 2601 765 2669 quota
783 2587 952 2650 incolumia
969 2586 1053 2652 fuit-2

72 2697 104 2752 30
119 2690 193 2752 lala.
216 2691 284 2753 Nee
305 2689 433 2772 penitus
456 2689 524 2752 irae
545 2688 694 2767 indulsit3
718 2703 751 2751 et
772 2702 920 2772 quantum
939 2702 987 2754 eat
1003 2703 1052 2753 eet

118 2795 260 2856 Demum
280 2792 422 2875 reliquit.
458 2794 615 2862 Premere,
635 2811 714 2874 quos
735 2789 804 2853 odit
823 2791 907 2854 solet

119 2894 263 2968 Penitus,
298 2893 427 2977 suisque
449 2914 595 2976 parcere.
644 2894 727 2954 Hah.
757 2895 905 2975 Ignoscat
919 2912 1048 2976 precor,

122 2995 313 3080 Scelerique
334 2995 460 3059 tandem
482 2994 578 3057 faciat
600 3009 632 3057 et
650 2993 927 3080 poenis-‘'modum.

497 3137 581 3189 lalael
601 3139 674 3187 cola.

124 3253 244 3318 Faciet.
270 3252 418 3338 Superbo
440 3275 519 3339 rege
542 3253 710 3316 defunctos
731 3250 826 3316 brevi

72 3358 104 3416 35
121 3357 162 3420 Ut
185 3378 258 3419 aera
281 3356 327 3419 sic
347 3377 413 3419 non
434 3355 532 3420 dubia
553 3355 710 3439 respiciet
732 3354 825 3416 salus.

190 3536 227 3590 V.
248 3539 308 3590 134.
331 3532 410 3588 lahel
423 3531 536 3589 felicem
546 3529 617 3587 belli
629 3529 740 3586 exitum
757 3537 856 3604 eperat
871 3543 994 3606 aereque
1013 3527 1051 3585 ed

125 3618 217 3676 omnia
233 3616 334 3679 offert.
823 3685 847 3759 4
