2356 4282
497 465 644 528 Susanna.

106 635 270 720 Pugnabit
288 637 384 701 ultro.
427 636 519 699 Bella
539 637 611 722 quis
631 659 693 722 pro
714 656 750 699 se
769 638 842 700 Deo

74 741 274 823 5Pugnante
293 739 433 803 metuat?
477 738 597 824 Pignus
618 738 703 802 haud
724 737 841 804 dubiae
864 738 953 803 dabit
1035 803 1041 812 ,

111 842 228 904 Salutis
250 841 303 904 illa
324 856 371 905 tot
392 841 508 905 ducum
531 841 644 926 spoliis
667 861 764 905 ovans

108 944 227 1007 Fatalis
248 945 344 1018 Arca,
368 966 513 1030 quaeque
534 965 690 1029 percusso
714 945 802 1007 leves

108 1046 279 1129 Expressit
298 1045 400 1109 undas
421 1047 513 1111 silice
536 1046 687 1112 demerso
708 1061 824 1132 potens

108 1147 277 1211 Pharaone
300 1148 400 1233 virga.
447 1150 529 1212 Para
551 1150 616 1212 erit
637 1148 764 1212 landum
784 1148 892 1211 minor

57 1257 93 1309 10
113 1249 242 1314 Sublata
262 1253 394 1335 generis
415 1252 526 1315 ultima
547 1252 627 1314 haec
647 1252 751 1314 nostri
771 1253 852 1314 lues.

109 1352 202 1415 Licet
222 1375 309 1415 arma
331 1353 453 1416 Sisaras
475 1368 586 1417 contra
607 1368 638 1418 et
659 1354 842 1417 innumeras
864 1367 937 1439 agat

107 1457 145 1516 In
167 1474 227 1518 nos
249 1455 411 1531 cohortes,
433 1470 511 1541 quot
533 1457 592 1519 sub
616 1472 797 1519 autumnum
819 1456 935 1521 cadunt

108 1560 251 1621 Excussa
273 1558 364 1620 silvis
384 1558 473 1632 folia,
496 1561 546 1624 vel
570 1558 670 1622 denso
685 1558 800 1643 'fugam

108 1663 212 1723 Trans
234 1682 373 1744 aequora
396 1676 514 1746 urgent
533 1663 660 1746 agmine
680 1661 810 1724 alituum
832 1681 963 1746 greges,

56 1773 90 1826 15
109 1763 175 1826 Ubi
196 1763 300 1847 prima
323 1764 440 1848 gelidis
461 1764 592 1828 incubat
612 1764 711 1826 terris
732 1763 847 1826 hiems.

110 1869 185 1929 Hoc
205 1886 323 1948 nempe
344 1867 446 1929 victos
467 1866 595 1951 gravius
615 1865 746 1928 exitium
768 1880 895 1950 premet

111 1969 280 2054 Maiorque
301 1991 373 2033 sose
393 1969 540 2032 Numinis
562 1968 679 2052 prodet
699 1969 801 2044 favor,

111 2071 171 2132 Cui
193 2069 290 2133 dubia
313 2071 519 2155 parentiam,
542 2072 598 2155 qui
619 2070 698 2132 belli
721 2071 808 2154 regit

111 2173 237 2236 Faciles
256 2173 409 2236 habenas.
453 2175 510 2235 lllc
534 2172 671 2235 conliaos
694 2173 756 2235 sibi

57 2287 93 2340 20
113 2275 251 2357 Eripiet
296 2274 440 2360 Agedum
464 2275 571 2360 segnis
594 2274 744 2338 abscedat
764 2275 871 2338 timor.

112 2381 190 2441 Bur.
214 2377 327 2454 Abest,
350 2399 412 2441 nec
432 2379 515 2442 ullos
538 2394 569 2442 te
589 2378 671 2442 duce
692 2379 878 2442 horrescam
901 2378 1014 2445 exitus.

110 2484 190 2547 Ded.
200 2479 265 2544 Sed
274 2494 381 2544 vetera
389 2479 640 2564 cedantprobra.
658 2480 1039 2579 Quaeacelereestprius

112 2585 282 2647 Contracta
301 2604 415 2667 poena,
439 2585 563 2646 scelere
587 2583 734 2667 deposito
755 2583 858 2648 cadet.
930 2665 932 2668 Ι

112 2685 232 2748 Facilis
251 2686 398 2769 precanti
417 2685 521 2762 venia,
553 2686 606 2747 cui
627 2685 721 2749 venia
741 2698 901 2770 crotopus,

60 2801 92 2855 25
112 2788 151 2852 ld
172 2786 200 2850 si
220 2803 409 2872 amputetur.
435 2789 578 2872 Adspice
599 2788 744 2851 infensus
766 2789 833 2852 onis

115 2890 252 2990 Quoties
271 2891 429 2975 pepercit.
477 2892 595 2954 Stricta
616 2911 690 2954 cum
713 2904 859 2975 quateret
879 2910 973 2954 manu

113 2994 272 3062 Vibrante
294 2994 368 3068 tela
389 2993 529 3077 supplici
548 2994 672 3056 evictus
693 3013 792 3077 prece
815 3006 873 3055 ost.

80 3148 85 3157 .
112 3099 183 3161 Hac
203 3096 260 3159 ille
282 3096 369 3160 vinci
389 3095 516 3180 gaudet.
560 3099 596 3156 In
616 3117 753 3179 poenam
774 3093 841 3158 ruit

113 3198 246 3274 Invitus,
266 3199 352 3262 ultro
372 3197 484 3283 parcit.
528 3200 610 3261 lrato
633 3197 773 3260 Phinees

53 3484 59 3494 ’
128 3482 132 3489 ’
184 3503 220 3558 v.
248 3508 290 3560 aa.
318 3501 476 3557 rainae,
503 3501 602 3557 aivins
625 3511 787 3560 commotus
811 3501 877 3561 aaa
904 3501 1042 3576 flagirium

114 3585 234 3660 publico
253 3589 436 3643 commissum
455 3588 579 3663 expiavit
594 3586 698 3663 gladio.
718 3590 804 3647 Num.
823 3595 867 3657 24,
886 3595 911 3648 1.
930 3605 974 3664 sq.

782 3704 834 3776 31
