2356 4282
536 504 538 511 ν
555 459 683 525 Guurn

483 766 599 827 Aetne
617 765 771 830 tertius.

489 968 588 1020 ludar.
632 968 766 1033 caiphas.

165 1139 356 1233 Quicunque
379 1159 476 1221 puras
498 1142 622 1204 scelere
644 1141 780 1206 servatis
800 1160 923 1214 manus,

163 1246 216 1304 Me
239 1241 342 1325 fugite
364 1241 479 1326 lenge3
507 1242 608 1327 fugiat
630 1258 661 1305 et
682 1244 737 1328 qui
758 1263 823 1304 non
847 1239 914 1303 nisi

166 1344 334 1407 credenda
357 1359 478 1428 peceat.
501 1349 564 1408 Iste
587 1346 692 1410 vultus
714 1345 836 1428 polluet

164 1447 267 1510 Etiam
292 1464 456 1511 nocentes.
482 1451 549 1518 Vos
571 1448 687 1532 quibus
710 1447 759 1509 fas
781 1460 813 1508 et
833 1444 928 1509 nefas

130 1559 146 1611 5
166 1550 324 1627 Discreta‚
351 1573 432 1635 quos
452 1573 517 1613 non
539 1565 604 1613 tutu
622 1549 772 1634 migravit
792 1546 884 1624 fides,

170 1653 295 1742 Quibus
317 1668 366 1716 est
388 1654 518 1729 amicus,
541 1652 636 1730 filius,
660 1652 771 1727 frater,
797 1651 870 1734 piae

166 1756 255 1851 Quos
276 1756 392 1819 mentis
413 1757 477 1818 ullo
500 1756 629 1819 numine
651 1752 785 1818 affectus
808 1766 932 1830 tenent,

164 1857 334 1921 Oceludite
358 1880 469 1937 aures3
492 1858 613 1920 nesciat
635 1856 828 1920 commercia

165 1962 242 2021 Tam
265 1960 334 2022 dira
356 1960 510 2040 mundus3
537 1961 622 2022 eolus
645 1959 708 2022 hoe
729 1960 819 2022 norit
837 1957 933 2023 nefus

116 2073 148 2126 10
166 2063 231 2159 Qui
253 2061 407 2137 vendidit,
431 2063 551 2146 quique
574 2061 660 2124 emit.
684 2061 749 2123 Ubi
769 2081 854 2124 nune
873 2061 1037 2145 pontifex,

165 2163 227 2226 Ubi
249 2163 331 2227 dieta
356 2165 455 2226 sacris
477 2165 581 2238 turha,
604 2162 695 2246 digni
719 2162 775 2247 qui
798 2161 865 2225 suis

164 2271 343 2329 Muctentur
363 2266 448 2328 uris?
471 2266 606 2349 Impium
629 2285 728 2327 uerno
752 2285 898 2348 gregem,

166 2369 238 2464 Quo
260 2368 352 2452 peius
375 2369 559 2447 aetherius
583 2366 669 2430 videt
691 2366 797 2429 demto
820 2366 915 2431 nihil.
1015 2378 1019 2386 '

165 2471 282 2533 Audite
304 2471 394 2536 vocis
415 2472 582 2557 praesules
603 2485 697 2533 notae
721 2491 833 2532 sonos:

115 2590 146 2642 15
166 2574 274 2637 Gratis
295 2574 480 2658 loquemur:
504 2575 572 2638 sive
594 2587 709 2636 testem
730 2571 895 2657 quaeritis,

164 2678 290 2742 Habete
312 2700 442 2742 verum:
466 2680 535 2744 sive
559 2692 683 2740 sontem
705 2676 871 2762 quaeritis,

164 2783 215 2841 En
238 2779 461 2861 confitentem
486 2781 618 2866 prodidi
638 2780 731 2846 vobis
753 2801 817 2864 ego

163 2883 312 2946 Animam
334 2886 556 2947 immerentem
563 2906 574 2964 3
598 2883 730 2967 prodidi
751 2895 893 2946 sanetum
916 2896 1017 2966 eaput,

163 2987 334 3071 Plusquam
359 2987 522 3071 magistri3
546 2988 670 3050 scelere
692 3008 758 3049 uon
777 3007 910 3070 pessum
931 3004 1042 3057 munus,

114 3106 147 3159 20
164 3089 287 3152 Praeda
309 3089 441 3154 levabo:
463 3112 576 3152 munus
598 3089 639 3153 ad
661 3089 808 3151 dominus
827 3089 931 3154 redit:

163 3192 289 3253 Habete
312 3193 403 3254 luero
422 3191 541 3275 perfidi
563 3192 704 3274 pretium
725 3190 802 3253 doli.

162 3294 230 3356 Oui.
251 3294 412 3357 Meritone
434 3296 544 3377 uulpes
565 3308 664 3356 temet
687 3314 722 3355 ac
743 3314 879 3378 peragas
902 3313 1002 3367 reum,

163 3398 211 3457 Te
234 3395 328 3459 stabit
351 3397 433 3459 intra
455 3417 531 3458 cura
539 3418 549 3478 3
576 3412 637 3458 nee
657 3416 716 3458 uos
740 3395 876 3458 crimina

162 3497 277 3560 Aliena
299 3513 449 3584 tangunt:
470 3520 531 3562 uec
551 3497 611 3562 tibi
631 3512 738 3582 partus
758 3519 838 3584 opes

114 3610 146 3664 25
163 3600 367 3686 Recipimus:
391 3626 409 3665 u
429 3624 463 3665 se
484 3624 556 3666 nam
577 3616 729 3666 eruentus
751 3601 878 3685 respuit
