2356 4282
99 451 162 521 164
500 449 622 514 Gnonn

167 621 298 682 Frustra
319 619 500 703 requirens,
523 620 642 704 imperi
662 619 766 682 civem
789 615 840 680 sui

167 722 288 784 Habuit
311 722 386 784 satis
408 706 582 805 sprevisse,
605 741 665 783 nec
685 720 863 783 ludibrium

168 824 335 889 Damnavit
356 825 456 903 ultra3
480 824 583 886 dictus
606 823 733 886 Herodi
755 824 911 898 aemulus,

167 927 325 1010 Fulgente
346 925 385 987 ab
409 927 483 1009 ipso
506 927 608 989 cultus
629 941 743 988 ornatu
763 925 859 988 redit.

103 1039 151 1091 105
169 1026 233 1089 Sed
256 1029 459 1090 innocentem
483 1027 535 1090 bis
557 1042 722 1111 repertum
746 1027 875 1092 saevior

167 1132 290 1193 Premit
312 1132 371 1205 ira,
393 1146 549 1206 metuens,
576 1130 685 1207 credo,
712 1131 927 1214 nequicquam
951 1130 1044 1194 scelus

170 1236 337 1331 Quaerens
359 1235 392 1294 in
415 1233 481 1309 illo,
509 1254 549 1294 ne
572 1254 663 1294 suum
687 1233 808 1296 amittat
827 1235 945 1296 scelus.

169 1336 288 1398 Animo
312 1337 411 1398 semel
433 1350 605 1418 praecepta
625 1335 708 1419 proh
730 1349 875 1420 quantam
898 1349 1004 1401 movet

169 1437 318 1502 Vindicta
340 1437 481 1498 rabiem!
505 1438 574 1498 talis
599 1451 742 1519 ereptam
764 1436 845 1500 furit

104 1552 154 1606 110
171 1540 335 1622 Recipere
357 1538 509 1622 praedam
531 1554 623 1601 natus
646 1540 679 1599 iu
700 1539 789 1602 silvis
810 1539 875 1602 leo.

170 1640 283 1717 Pudet,
309 1656 340 1703 at
360 1656 461 1703 metus
486 1641 622 1725 subegit,
643 1663 778 1725 aequum
800 1656 834 1704 ut
856 1640 1020 1706 fraudibus

171 1743 297 1809 Vellem
320 1743 416 1818 tueri,
441 1743 554 1826 iusque
577 1742 706 1805 furarer
729 1743 828 1805 dolis:

171 1846 238 1907 Ceu
260 1845 456 1907 contumacis
478 1845 631 1928 impetum
650 1846 759 1928 pelagi
783 1846 899 1908 timens
936 1906 940 1911 .

173 1944 314 2030 Obliqua
337 1944 451 2009 fluctus
473 1947 563 2012 navis
586 1948 753 2029 oppositos
776 1963 873 2011 secat.

105 2049 153 2102 115
171 2053 242 2112 Mos
265 2064 314 2110 est
334 2063 469 2124 vetusto,
492 2049 520 2111 si
543 2071 603 2133 qua
627 2049 750 2111 ludaeis
771 2048 864 2125 fides,

172 2151 315 2220 Veniens
338 2149 376 2212 ab
400 2172 489 2225 aevo,
512 2152 651 2213 liberum
674 2172 737 2234 quo
759 2151 903 2236 turgidas

133 2246 135 2250 ’
172 2253 301 2316 Aestate
324 2254 411 2334 ripas
433 2253 517 2337 fugit
538 2253 645 2315 lacobi
667 2275 779 2337 genus,

172 2355 308 2452 Quoties
330 2370 442 2418 renato
464 2377 542 2420 vere
565 2356 687 2418 Titanis
709 2377 804 2419 soror

172 2458 274 2518 Pleno
297 2456 425 2518 refulsit
446 2459 537 2532 orbe,
562 2458 674 2540 populi
697 2460 818 2541 gratiae

107 2565 156 2619 120
173 2561 276 2621 Unum
298 2580 316 2621 e
338 2560 468 2621 nocenti
489 2560 586 2641 plebe
609 2559 723 2622 donari
746 2576 847 2645 caput.

173 2664 243 2746 Ego
264 2663 325 2723 iam
347 2664 447 2726 saluta
468 2683 534 2724 non
555 2663 692 2725 merenti
714 2664 841 2728 vincula

175 2766 239 2848 Spe
262 2765 472 2829 destinabam:
497 2765 555 2827 sed
576 2788 663 2829 meae
686 2766 875 2831 clementiae

173 2869 278 2929 Elusit
298 2883 383 2931 artes
406 2869 454 2931 vis
476 2869 677 2932 sacerdotum
698 2868 811 2946 effera,

174 2967 320 3061 Quorum
341 2969 472 3032 incitata
494 2969 586 3033 turba
607 2970 741 3035 latronis
763 2973 844 3054 petit

107 3079 155 3132 125
174 3070 277 3137 Vitam
300 3072 486 3150 Barabbae3
507 3073 612 3156 prima
633 3073 798 3137 miscendo
821 3096 932 3137 manus

175 3173 312 3257 Semper
333 3173 477 3248 tumultu,
504 3177 657 3258 sanguiue
678 3175 815 3240 humano
840 3177 956 3251 calens,

172 3276 313 3337 lnsontis
334 3275 410 3338 odic
434 3275 534 3339 factus
557 3278 679 3352 insons,
702 3279 868 3360 publicum

173 3378 294 3440 Meruit
314 3377 474 3444 savorem!
496 3383 588 3442 Nunc
610 3394 643 3441 et
663 3381 835 3463 ancipitem
855 3395 943 3445 metu

173 3483 246 3542 Non
266 3503 345 3545 vana
369 3502 460 3543 carae
484 3483 550 3543 visa
576 3481 704 3545 turbant
726 3483 884 3567 coniugis,

107 3572 157 3645 130
176 3582 279 3676 Quam
301 3596 395 3644 nocte
416 3574 481 3646 tota
501 3583 603 3647 tenuit
623 3570 786 3670 irrequies
809 3568 926 3672 scpcr':
