2356 4282
100 414 144 487 20
493 476 497 484 ,
516 418 654 482 Puram

102 604 151 656 115
173 587 240 655 Sub
262 585 332 649 sole
351 585 465 669 posita,
491 585 625 651 decolor
646 587 768 650 fulvum
790 585 875 650 bibit

170 688 242 786 Qua
260 689 396 773 populus
410 712 544 754 amnem.
568 691 734 791 Quidquid
747 702 900 774 'opponas
921 699 1037 773 parum
1053 704 1100 755 est

169 792 263 858 Victo
289 793 412 856 Israeli.
455 796 555 869 Nune,
580 793 666 877 quod
686 793 721 855 in
743 792 905 856 dominum
929 791 1043 857 ierunt

167 894 287 958 Nescio
308 894 386 980 quid
408 917 500 960 ausos
521 911 648 959 struere
670 915 730 959 neo
753 894 877 958 tlooiles
898 895 972 978 regi

169 996 314 1061 Absente
336 998 454 1073 Sisara,
485 1020 625 1061 summus
648 998 799 1062 anteactis
821 999 915 1060 labor

102 1098 328 1183 1201ungstur.
369 1103 442 1164 Huc
464 1121 515 1164 me
537 1105 639 1164 Marto
661 1099 846 1164 distractum
867 1114 980 1163 extsro

169 1200 365 1265 Transferam
386 1201 546 1284 Princeps
569 1224 654 1264 arma
675 1200 907 1285 quamprimum
929 1199 1022 1265 iubar

167 1303 326 1388 Malisquo
349 1302 471 1367 fractos
494 1324 656 1387 premere,
679 1326 743 1389 quo
765 1317 873 1366 vetera
896 1301 1045 1366 excidant

167 1404 366 1488 Animosque
387 1426 541 1487 praesens
561 1406 663 1488 rapiat
686 1406 718 1469 in
740 1425 812 1467 sese
833 1403 935 1468 dolor.

167 1507 268 1568 Proin
293 1505 333 1569 de
354 1507 471 1570 rebelli
495 1522 600 1591 gente,
624 1505 699 1569 dum
719 1506 843 1569 ferrum
866 1507 956 1584 ualet,

100 1613 150 1665 125
167 1607 376 1690 Properando
401 1629 506 1691 poena
528 1623 588 1672 est.
633 1609 727 1672 Miles
749 1607 789 1672 ad
811 1621 920 1670 nutum
942 1610 1031 1674 subit

168 1715 294 1773 Mecum
314 1732 400 1773 arma
420 1731 536 1796 capere
558 1725 677 1784 suetus,
699 1710 872 1795 imperium
895 1712 999 1798 sequi,

168 1816 231 1875 Tot
253 1813 385 1875 vincere
405 1834 522 1894 aun0s3
549 1815 654 1879 rictus
674 1829 727 1876 aut
748 1835 919 1899 numquam
941 1829 994 1878 aut
1017 1813 1095 1878 duee

167 1915 321 1978 DevIctus
344 1915 417 1979 alio.
463 1916 561 2000 Signa
584 1917 635 1980 vel
658 1930 768 1979 contra
789 1915 868 1977 ‹leos

166 2018 311 2079 Ductore
334 2017 441 2080 Sisara
463 2018 568 2081 iussus
589 2018 750 2101 extemplo
772 2017 868 2081 seret.

100 2125 149 2181 130
167 2122 259 2185 Nunc
282 2121 337 2182 illa
359 2119 477 2205 praeda
499 2134 630 2184 onustus
652 2121 786 2184 hostiles
808 2140 925 2205 greges

166 2225 245 2285 Post
264 2246 315 2287 me
338 2237 450 2287 catena
471 2223 575 2286 victor
597 2224 744 2308 imposita
766 2223 858 2305 rapit,

166 2326 371 2410 Populosque
392 2325 512 2390 iactans
533 2324 657 2389 viribus
678 2325 800 2389 fractus
821 2325 895 2400 suis,

167 2427 258 2524 Quos
278 2426 370 2491 dives
391 2427 535 2492 Arabum
556 2427 649 2491 collis
671 2426 839 2511 oppositos
861 2427 951 2511 tegit,

167 2528 321 2592 Gradltur
342 2529 498 2614 triumphi
517 2551 618 2591 more.
666 2528 803 2592 Condixi
824 2531 931 2593 locum

99 2629 258 2695 leavalle
280 2631 313 2692 in
334 2633 525 2717 propinqua,
552 2653 613 2714 qua
634 2652 731 2715 rapax
753 2630 857 2694 currit
878 2630 986 2694 cnon.

166 2731 253 2794 Nihil
275 2755 383 2799 morae
406 2754 478 2797 esse
500 2732 600 2796 oredo
622 2753 683 2796 neo
707 2753 896 2818 quemquam
919 2731 1006 2807 fors,

168 2836 293 2898 Sisarae
316 2849 350 2899 ut
370 2836 510 2912 resistat,
538 2837 630 2900 ouius
651 2836 804 2900 exanimis
827 2850 914 2899 motu
1030 2856 1033 2861 ’

166 2996 370 3008 m

189 3150 192 3155 4
240 3103 281 3159 V„
295 3105 354 3159 193.
375 3100 411 3158 Η.
434 3116 460 3155 a.
480 3100 510 3154 in
527 3101 646 3155 australi
664 3098 788 3155 Arabiae
800 3101 939 3156 Petraaae
954 3109 1040 3172 parte
1057 3096 1091 3154 si·

173 3197 227 3255 tos,
245 3185 294 3240 vel
310 3185 476 3258 Aegyptios.
493 3186 538 3242 Gi.
557 3186 621 3242 Aut
640 3191 663 3257 l,
679 3194 723 3244 22.

233 3294 271 3348 V.
292 3295 350 3349 1³5.
370 3289 459 3346 Giton
472 3300 642 3346 esttorreas
654 3287 832 3361 deltabyrio
851 3287 974 3360 (labor)
995 3297 1092 3345 monta

169 3377 282 3435 Mens.
911 3403 914 3407 ·

108 3526 112 3533 .
233 3483 268 3537 V.
291 3485 350 3538 1371
370 3481 459 3539 Cuius
482 3491 562 3538 metu
591 3481 726 3538 amraimis
751 3483 935 3557 (quisquam)¹
955 3498 1010 3538 nee
1034 3481 1093 3537 fiale

167 3567 325 3623 luminibus
341 3566 401 3623 tela
418 3568 515 3626 striata
528 3566 618 3626 last.
