2356 4282
154 427 198 495 94
511 435 722 511 Mmaeueun

154 601 203 652 215
222 596 348 682 Agitata
368 599 452 662 notis
473 601 580 665 haurit
599 603 725 665 aristas.

266 702 340 764 Fuit
361 703 426 778 ille,
449 703 513 766 fuit
532 707 628 768 tutela
650 706 732 767 suis:

222 805 312 866 Nunc
334 805 497 867 crudelem
519 828 630 869 versus
653 804 686 867 in
707 807 833 868 hostem

224 906 302 967 Tela
324 907 453 970 infenso
478 908 590 993 dirigit
612 929 698 984 arcu,

222 1009 363 1072 Nervum
386 1008 530 1073 adductis
552 1011 705 1073 cornibus
728 1025 833 1095 urget.

155 1117 205 1168 220
223 1112 310 1195 Figit
331 1112 481 1189 medium,
506 1112 710 1199 mediumque
732 1113 816 1199 fugit

222 1216 339 1275 Pectus
360 1214 480 1276 arundo
503 1230 606 1276 morte
629 1215 757 1277 relictas

223 1315 402 1411 Quemque,
423 1329 457 1377 ut
477 1315 583 1380 forma
606 1331 637 1379 et
658 1316 779 1379 robore
800 1330 951 1399 praestat,

222 1418 364 1480 Primum
387 1419 502 1503 ignavo
526 1417 664 1482 destinat
684 1440 772 1482 orco.

224 1521 310 1615 Quas
333 1521 491 1583 continuit
512 1521 696 1605 pressitque
721 1520 787 1596 diu,

155 1623 345 1684 2251rarum
367 1644 478 1684 omnes
499 1621 605 1684 fundit
624 1623 783 1700 habenas3

222 1724 309 1806 Ignis
330 1739 363 1786 ut
384 1741 471 1787 arcto
490 1724 616 1787 fornice
640 1725 762 1787 clausus

223 1827 315 1889 Furit
334 1825 466 1890 effracto
488 1828 615 1890 fornice
637 1827 751 1890 victor.

265 1935 336 1993 Non
359 1953 471 2015 quassa
493 1930 599 1994 iacent
621 1931 721 1994 ariete
744 1930 841 1994 Medo

222 2033 349 2096 Moenia
373 2035 538 2114 Solymae3
562 2055 686 2095 murum
708 2033 819 2097 hostili

153 2148 204 2202 230
222 2139 405 2219 Turresque
429 2158 521 2198 manu
543 2137 633 2198 Deus
656 2136 853 2222 armipotens

223 2238 330 2304 Vertit
351 2238 389 2299 ab
412 2238 493 2300 imo:
515 2238 605 2300 Deus
626 2238 697 2321 ipse
718 2253 790 2300 tuos

222 2343 356 2403 Iuvenes
378 2341 441 2402 leto
465 2340 580 2402 mersit
600 2341 719 2402 acerbo
742 2355 774 2402 et

222 2447 333 2506 Totam
357 2444 501 2527 opplevit
523 2442 666 2506 cladibus
687 2443 811 2507 urbem.

264 2545 360 2641 Quod
380 2545 443 2608 sibi
466 2544 626 2630 quondam
647 2547 813 2629 penetrale
836 2568 961 2615 sacrum

154 2662 203 2717 ²³5
221 2651 360 2733 Proprie
384 2647 484 2712 voluit
503 2648 575 2709 iure
597 2647 744 2724 dicatum,

222 2751 315 2813 Hosti
338 2749 435 2812 cessit
452 2748 572 2832 praeda
592 2750 746 2833 profano:

220 2856 260 2915 Ut
282 2852 428 2914 disiectis
452 2851 582 2934 sepibus
604 2850 727 2928 hortus,

222 2955 326 3048 Quem
347 2953 515 3016 foedarum
539 2954 603 3016 ruit
624 2954 783 3040 ingluvies

221 3057 390 3141 Vertitque
414 3079 513 3120 suum.
540 3059 592 3120 Nil
617 3079 706 3120 sacra
727 3071 857 3121 movent

154 3177 203 3228 240
221 3159 306 3236 Otia,
331 3159 447 3221 festum
471 3174 502 3221 et
524 3160 652 3222 sabbata
673 3159 814 3225 damnat:

222 3262 331 3343 Capita
353 3263 487 3344 Superis
510 3261 665 3345 proxima,
688 3283 800 3347 regem
823 3275 855 3324 et

220 3363 329 3426 Nihilo
352 3369 484 3444 Mystam
507 3385 588 3447 rege
610 3364 777 3439 minorem,

182 3471 185 3477 '
221 3466 345 3527 Ludum
368 3465 511 3547 Assyriis
534 3465 623 3529 dedit
642 3466 838 3549 opprobriis.

263 3567 327 3635 Vix
348 3583 422 3633 nota
444 3567 511 3630 suis
531 3590 585 3630 ara
606 3567 771 3643 sacrificis,
