2356 4282
469 473 738 536 Soruonrauuts.

175 641 346 702 Hominem
369 641 401 700 in
424 663 504 724 quae
526 665 590 706 non
610 643 745 704 crimina
767 639 878 726 cogit?

173 741 260 800 Hinc
283 740 388 801 illiciti
409 740 553 825 licitique
575 743 690 825 procul

172 842 356 904 Discrimen
381 843 461 922 abit3
486 847 571 907 nulla
592 846 720 928 rapinas

172 944 329 1006 Prohibet
349 947 462 1027 pietas,
485 948 589 1030 placet
611 970 651 1010 ex
673 948 760 1011 omni

102 1046 154 1096 250
173 1045 324 1139 Quaesita
346 1048 418 1109 loco
441 1048 568 1130 praeda,
595 1070 655 1111 nec
676 1049 756 1132 ipsis

170 1147 319 1209 Parcitur
344 1148 417 1208 aris.

171 1247 263 1308 Felix
284 1262 368 1310 aetas
389 1249 494 1330 prima
515 1263 697 1329 parentum:

171 1351 248 1410 Cum
272 1348 401 1412 divitiae
422 1347 512 1432 fraga
534 1347 675 1423 fuerunt,

170 1452 211 1511 Et
233 1471 313 1532 quos
336 1450 480 1513 manibus
501 1451 623 1512 consita
645 1452 741 1512 nullis

102 1551 153 1602 ²55
172 1552 293 1635 Sponte
315 1573 446 1635 sapores
465 1553 600 1635 protulit
621 1554 737 1615 arbor:

170 1657 236 1715 Lex
258 1674 320 1716 una
343 1655 415 1730 fuit,
441 1655 568 1716 nescire
591 1655 692 1727 nefas,

170 1755 307 1839 Vitaque
332 1757 476 1839 simplex,
500 1769 532 1818 et
555 1770 638 1818 casta
660 1755 735 1819 satis

170 1857 316 1938 Corpore
338 1855 434 1920 nudo.

168 1960 339 2040 Postquam
361 1959 478 2020 vallum
500 1957 582 2019 facta
602 1956 721 2041 pudori

99 2058 151 2112 260
167 2059 297 2135 Tunica,
320 2073 352 2120 et
375 2059 437 2120 iam
460 2059 493 2122 vi
513 2057 658 2140 pendere
680 2058 791 2142 fruges

169 2164 272 2221 Terra
292 2174 400 2222 coacta
421 2174 479 2232 est,
505 2158 552 2220 las
573 2175 730 2242 ruperunt

167 2261 338 2344 Sanguinis
362 2261 446 2323 irae:
469 2260 646 2342 praescidit
667 2261 738 2325 aevi

168 2363 303 2424 Cursum
323 2361 418 2424 fratri
441 2361 584 2424 fraterna
606 2382 725 2423 manus.

165 2465 238 2524 Non
259 2462 313 2524 hic
334 2461 497 2524 hominurn
520 2460 663 2522 constitit
684 2461 783 2522 audax

96 2568 146 2621 265
167 2563 291 2625 Labor:
313 2563 375 2624 ima
398 2560 468 2623 fodi
489 2561 590 2622 sensit
610 2560 774 2643 trepidans

166 2665 301 2729 Viscera
323 2663 426 2735 tellus,
452 2661 632 2745 meliusque
652 2661 753 2724 latens

165 2764 248 2827 Duri
269 2763 410 2844 chalybis
432 2783 513 2827 vena
535 2778 664 2846 reperta
686 2778 744 2826 est.

164 2869 236 2928 Non
259 2880 331 2926 trux
351 2866 434 2928 ultra
456 2864 580 2951 singula
603 2865 724 2948 carpsit

166 2967 310 3048 Corpora
332 2965 462 3028 caedes:
486 2965 610 3028 ferrum
634 2988 766 3053 magnos

96 3076 148 3130 2⁷0
166 3070 236 3130 Una
257 3069 396 3152 populos
417 3068 550 3130 messuit
569 3068 669 3132 hora:

164 3169 205 3233 Et
225 3169 274 3232 vis
295 3169 465 3245 scelerum,
488 3169 568 3232 belli
587 3170 691 3244 titulo,

164 3275 262 3335 Tanta
286 3284 394 3333 secuta
414 3284 472 3345 est,
500 3285 650 3353 quantum
672 3271 757 3334 haud
778 3273 860 3335 ultra

163 3375 317 3436 Tolerare
338 3374 458 3448 valens,
482 3372 580 3433 maris
601 3372 636 3432 in
657 3393 692 3435 se
712 3373 813 3436 undas

163 3480 265 3539 Terra
287 3476 429 3540 vocavit:
451 3494 513 3538 nec
534 3474 639 3537 minus
659 3474 716 3539 illo

96 3587 147 3640 2⁷5
166 3574 264 3639 Aliud
287 3577 375 3639 caelo
397 3598 485 3641 mare
507 3575 670 3659 delapsum
690 3592 749 3653 est,
