2356 4282
98 406 164 478 240'
535 409 661 475 Gnorn

114 585 149 637 45
167 581 330 664 Coguntur
350 600 497 665 unquam.
542 585 636 656 Tum,
659 580 800 664 migrare
817 578 869 642 his
890 577 1016 642 finibus

168 684 203 746 Si
227 683 336 760 libeat,
358 699 410 746 aut
432 683 520 770 quod
541 683 663 768 aliquid
684 684 838 747 acciderit
860 704 973 769 grave,

166 787 232 849 Aut
255 786 341 870 quod
363 803 458 852 vocet
479 808 554 871 spes
576 788 702 863 melior,
723 786 757 848 id
778 807 873 849 nemo
895 801 996 853 vetet.

168 891 212 950 lta
234 909 334 972 purus
355 911 411 953 aer
434 911 563 973 semper
584 891 763 974 Aegyptum
784 890 870 964 beet,

168 993 353 1075 lustumque
376 1006 485 1056 servet
505 992 596 1053 Nilus
619 992 779 1076 augmenti
797 992 937 1066 modum,

115 1100 148 1151 50
167 1095 330 1177 Multaque
353 1109 469 1156 matres
492 1094 585 1177 prole
608 1095 756 1156 tellurem
778 1095 941 1178 impleant,

166 1198 208 1257 Et
230 1210 356 1278 sceptra
377 1217 538 1280 nunquam
558 1197 699 1279 posteris
720 1197 833 1259 abeant
855 1197 927 1258 tuis.

165 1301 264 1363 Phor.
286 1302 360 1360 luro
382 1312 545 1381 potentem
567 1314 679 1362 cuneta
702 1299 864 1361 moderari
889 1303 1012 1376 Deum,

166 1407 338 1485 Meumque
364 1416 458 1483 caput
477 1402 541 1464 hoc
563 1402 683 1486 obligo,
708 1417 741 1465 et
762 1423 853 1465 seros
876 1404 943 1464 mei

167 1505 307 1567 Generis
328 1518 473 1586 nepotes,
501 1524 630 1586 semper
651 1505 813 1566 Hebraeis
837 1505 886 1566 sui

115 1609 148 1662 ⁵5
167 1606 312 1669 Arbitria
335 1607 425 1680 ritus,
449 1607 552 1669 exitus
574 1619 660 1668 tutos
682 1605 765 1668 sore.

167 1713 259 1770 Hanc
281 1709 381 1792 siquis
404 1708 480 1771 olim
502 1729 561 1770 rex
577 1708 675 1770 Phari
697 1725 822 1791 rumpat
845 1709 961 1786 iidem,

166 1812 258 1873 Nilus
282 1825 428 1873 cruentas
448 1810 592 1874 turbidas
616 1831 741 1893 spumas
763 1832 860 1894 agens

167 1915 304 1997 Pelagus
328 1914 473 1993 coloret3
499 1913 602 1995 turpis
624 1913 815 1975 animantum
837 1914 906 1977 lues

167 2020 330 2091 Nascatur,
355 2015 449 2076 undis
471 2016 594 2099 pariter
618 2030 651 2078 et
670 2029 777 2078 terrae
800 2019 918 2100 gravis.

117 2123 149 2176 60
167 2119 274 2182 Morbi
295 2118 433 2179 furentis
456 2120 543 2180 virus
566 2119 725 2181 exanimet
747 2141 879 2203 greges:

167 2220 289 2284 Herbis
310 2220 401 2282 viror
422 2218 574 2284 decedat:
600 2236 732 2283 urantur
755 2235 839 2285 sata:

167 2327 235 2386 Nec
258 2324 356 2385 arbor
378 2325 507 2385 umbras
528 2324 599 2398 ulla,
625 2344 687 2384 neo
709 2323 832 2386 fructus
853 2324 950 2386 ferat.

168 2426 341 2488 Ulceribus
364 2425 512 2487 homines
531 2426 665 2488 torridis
687 2441 782 2490 vexet
803 2426 905 2488 dolor.

170 2527 327 2592 Obsideat
349 2541 425 2603 atra,
453 2542 631 2612 quantaque
653 2528 800 2591 infernae
825 2543 872 2590 est
893 2530 1011 2615 plagae

121 2644 153 2696 tt
169 2631 288 2715 Caligo,
313 2630 457 2693 eoelum:
482 2650 625 2713 noxque,
645 2651 711 2691 non
734 2630 841 2693 medio
863 2631 928 2708 die,

168 2739 303 2797 Noctem
325 2746 485 2816 sequatur.
530 2732 629 2794 Prole
651 2733 811 2815 populata,
835 2732 947 2796 domos

169 2839 230 2899 Eat
250 2857 311 2919 per
332 2856 442 2897 omnes
464 2834 581 2897 luctus:
607 2834 640 2896 id
663 2836 690 2897 si
713 2857 778 2898 non
801 2851 848 2899 sat
869 2850 926 2911 est,

168 2942 294 3002 Nereus
318 2959 446 3022 quoque
466 2939 536 3021 ipse
557 2938 638 3021 legis
661 2939 781 3002 exserti
798 2939 879 3002 vado

169 3045 262 3116 Buat,
284 3055 378 3124 atque
399 3054 485 3102 totos
508 3040 636 3103 sorbeat
658 3063 755 3104 mare.

121 3163 155 3214 70
170 3147 233 3207 Ios.
256 3147 327 3206 Non
352 3143 416 3205 erit
438 3145 608 3206 Hebraeos
631 3144 775 3227 hospites
797 3145 917 3205 nullum
940 3144 1001 3206 tibi

168 3247 330 3308 Habuisse
351 3246 502 3328 pretium,
526 3260 615 3306 terra
636 3246 807 3329 locupletis
828 3245 937 3308 Phari.

169 3351 247 3408 Nam
269 3348 342 3408 dum
364 3348 453 3431 pium
476 3350 612 3430 Deoque
637 3346 789 3410 dilectum
809 3369 911 3432 genus

171 3452 318 3512 Clemens
341 3449 479 3525 fovebis,
504 3465 616 3513 cuncta
637 3450 696 3511 tibi
720 3467 826 3515 votum
848 3451 950 3514 fluent

171 3554 283 3635 Supra,
305 3553 432 3637 tuisque
456 3574 489 3615 se
512 3552 599 3615 dabit
619 3553 766 3616 famulam
788 3555 897 3618 usibus
