2356 4282
160 431 221 500 130
515 438 724 496 numanus

158 606 208 658 470
227 604 372 698 Quorum
396 601 435 666 ad
457 618 550 665 nutus
570 624 726 686 proceres
749 623 853 685 nuper

174 743 176 748 ·
225 707 406 790 Populique
429 708 532 768 omnis
553 706 645 767 turbs
669 704 835 778 tremebat,

227 808 344 868 Ultima
368 808 470 869 nostri
492 807 614 868 fercula
636 806 756 880 adeste,

226 911 296 970 Non
319 931 413 990 parva
435 922 539 969 tamen
563 908 686 969 fercula
707 908 821 969 luctus.

268 1011 406 1073 Cardine
430 1031 524 1074 verso
547 1030 705 1092 crepuere
728 1010 834 1071 sores:

157 1121 206 1173 475
226 1111 325 1173 Adest
348 1126 506 1193 tyrannus,
530 1127 562 1173 et
582 1112 710 1194 quidem
735 1112 815 1172 irato
839 1108 958 1194 gradu3

226 1213 340 1275 Adhuc
364 1215 525 1275 tumescit:
550 1214 594 1274 ite
613 1212 771 1286 diversae,
795 1212 895 1286 ariae,

225 1318 265 1377 Et
285 1336 357 1377 cara
380 1316 503 1376 celeres
524 1315 662 1398 pignora
685 1315 718 1374 in
741 1328 807 1376 tuto
830 1312 949 1374 abdite.

225 1419 273 1478 En
296 1416 506 1478 barbarorum
528 1431 592 1478 tota
615 1414 798 1478 carnificum
821 1435 942 1489 manus,

225 1519 396 1580 Comitatus
417 1519 473 1580 illo
496 1517 624 1602 dignus,
647 1539 665 1580 e
685 1517 812 1580 foribus
834 1517 908 1578 ruit.

534 1984 652 2045 Actus
671 1984 836 2057 quintus.

463 2165 725 2220 Nabuchodonosor.
766 2169 912 2218 sedecias.

225 2318 306 2380 Nat.
329 2320 418 2378 Bene
435 2332 498 2379 est:
516 2317 641 2380 abunde
653 2334 710 2382 est.
732 2319 858 2399 Solyma
873 2336 958 2378 nunc
970 2311 1133 2379 tendentia·

229 2420 282 2480 Sic
304 2418 502 2502 perfidorum
524 2418 633 2482 decuit
656 2418 812 2481 lsacitlum
833 2420 960 2481 ultimas
1048 2414 1130 2501 [cent

228 2524 311 2604 Spes
335 2543 460 2605 quoque
482 2521 596 2595 recidi,
618 2523 742 2605 regiam
763 2542 803 2582 ex
824 2522 888 2582 imo
910 2520 1041 2581 domum

227 2625 412 2685 subruere:
436 2621 522 2685 llecti
545 2623 631 2706 quod
652 2623 773 2707 nequit,
800 2622 907 2704 frangi
928 2635 1048 2704 potest.

194 2736 210 2785 5
228 2729 319 2786 Nunc
341 2726 444 2787 anime
466 2747 599 2808 regnas3
625 2745 709 2786 nunc
730 2725 791 2786 tibi
813 2744 906 2784 nemo
929 2722 1073 2784 hostium

227 2826 319 2887 Abiit
341 2826 469 2888 inultus.
492 2824 615 2887 Pudeat
635 2827 754 2886 irarum
776 2824 866 2885 deos.

227 2928 354 2989 Nostris
377 2926 530 3009 deinceps
553 2928 689 2990 Graecia
712 2926 841 2988 excluso
864 2927 939 2988 lore

227 3029 380 3090 Adolebit
401 3031 464 3090 aris
472 3051 481 3108 3
507 3029 593 3090 dicet
615 3026 753 3090 Alciden
773 3046 882 3105 suum3

229 3131 312 3191 Cana
334 3130 472 3192 nitentes
494 3131 613 3213 populo
635 3128 792 3211 impediet
814 3149 930 3201 comas,

178 3241 212 3295 to
230 3234 418 3315 Regumque
441 3231 551 3293 dextra
573 3231 713 3312 stipitem
734 3231 871 3292 ultorem
892 3248 1017 3311 gerum..

226 3389 433 3404 —u

295 3481 357 3535 llct.
375 3483 412 3535 V.
431 3478 564 3534 Sedecias
584 3479 676 3535 oculis
697 3478 807 3551 effossis
825 3474 904 3534 foras
921 3476 1103 3550 producitur,
1118 3476 1138 3523 tl

226 3565 404 3639 Babylonem
421 3565 598 3622 amandetur.
