2356 4282
424 480 691 544 Seruoursuuss.

127 646 228 709 Solati
246 647 376 730 patitur,
400 647 478 710 dans
499 648 622 710 animos
645 648 720 721 suis,

127 750 378 835 Sustentansque
400 751 498 813 hilari
520 771 578 834 spe
599 749 793 833 patientiam.

72 854 105 906 ¹⁰
124 851 180 915 Sic
201 865 312 913 noster
331 853 485 915 tenebras
505 852 590 914 inter
613 867 645 914 et
665 851 798 914 horrida

125 954 231 1016 Ferro
255 953 389 1015 claustra
412 952 535 1030 domus,
557 953 637 1015 iuris
661 967 730 1016 eret
752 953 812 1027 sui,

125 1051 346 1138 Servabatque
368 1053 448 1117 alios
455 1076 466 1136 3
490 1067 562 1117 ante
586 1053 737 1137 cupidine

124 1156 273 1232 Intactas,
298 1155 420 1245 trepidi
440 1169 515 1219 tunc
537 1154 678 1219 domitor
699 1168 813 1218 metus.

124 1255 191 1353 Qui
211 1257 347 1339 pulchro
370 1255 531 1319 dominam
554 1276 694 1339 corpore
716 1271 856 1340 ceperat,

72 1369 100 1420 15
124 1357 276 1439 Captivos
298 1357 395 1419 animi
417 1357 503 1440 cepit
523 1356 713 1432 honoribus,

123 1457 361 1543 custodemque
382 1460 469 1538 loci3
490 1457 585 1542 plebs
607 1457 803 1520 miserabilis

122 1561 225 1623 Unius
245 1558 323 1622 fidei
344 1559 504 1623 creditur:
526 1559 644 1643 accipit

120 1663 208 1726 Hinc
228 1683 385 1747 praesaga
406 1660 472 1725 suis
495 1661 637 1725 fascibus
660 1662 777 1739 omina,

121 1767 332 1849 Regnumque
354 1763 388 1825 in
410 1762 518 1826 medio
541 1784 673 1826 carcere
695 1763 851 1848 possidet.

72 1875 102 1929 ἑο
124 1865 197 1959 Quo
220 1864 297 1928 solis
319 1863 403 1926 radii
424 1866 479 1929 vix
502 1878 759 1949 penetraverant,

118 1969 190 2029 Lux
210 1965 319 2030 divina
340 1965 437 2041 venit,
465 1987 564 2049 seque
588 1967 647 2029 sub
670 1967 757 2029 illius

118 2071 206 2131 Puro
231 2066 331 2129 corde
352 2066 452 2128 locat:
475 2066 619 2129 sontibus
641 2068 780 2152 explicat

117 2172 300 2232 Nocturnos
322 2166 480 2231 monitus:
504 2167 742 2232 commodatos
764 2169 854 2231 Deo:

117 2271 203 2333 Huic
224 2291 371 2353 poenam,
394 2267 521 2332 reniam
541 2269 663 2332 nuntiat
685 2271 788 2333 alteri.

72 2385 97 2436 ’5
115 2372 171 2435 Sic
191 2371 314 2433 fluxere
337 2369 410 2432 dies
434 2370 591 2453 temporis
614 2371 731 2451 asperi,

116 2477 231 2537 Donec
252 2478 323 2536 Rex
344 2469 479 2555 pavidus
501 2470 606 2533 noctis
629 2468 766 2554 imagine

114 2578 248 2638 Frustra
269 2573 433 2657 Niligenas
456 2571 615 2634 consuluit
636 2569 756 2653 magos,

115 2679 259 2750 Frustra,
283 2673 361 2759 quid
384 2685 547 2736 struerent
566 2671 629 2734 fata
651 2670 737 2747 novi,
760 2671 837 2752 polo

115 2781 205 2841 Inter
225 2776 369 2839 sidereas
393 2773 530 2859 quaesiit
551 2773 689 2837 orbitas:

72 2896 95 2948 ιο
116 2881 294 2963 Vatemque
314 2875 484 2938 immeritis
507 2873 674 2958 suppliciis
696 2875 815 2948 levans,

114 2978 243 3042 Induxit
263 2976 409 3040 manibus
431 2995 576 3059 gemmea
598 2974 733 3051 vincula,

115 3083 158 3145 Et
176 3078 265 3160 byssi
286 3076 381 3140 niveo
403 3075 547 3161 tegmine
568 3077 720 3151 vestiens,

113 3179 278 3244 Praefeoit
300 3177 464 3242 dominum
486 3174 635 3260 gentibus
658 3177 802 3252 alterum,
831 3180 833 3185 ’

114 3283 158 3346 Et
178 3279 326 3343 dextrum
349 3277 430 3341 solio
453 3276 616 3340 constituit
636 3299 703 3341 suo.

500 3535 653 3547 ...μ-η...
