2356 4282
154 461 196 530 92
507 465 721 529 Mamurram

156 635 205 689 165
223 633 366 703 Laoeasit
388 631 472 697 ore?
492 632 566 698 Sed.
592 632 656 728 Qui
677 633 906 697 morilucrum
927 649 1028 717 putat,

223 738 397 797 Lacessera
418 734 542 798 hostem
565 748 674 818 captus
695 750 846 799 armatum
869 750 987 819 potest.

223 839 306 900 Nab.
330 838 473 899 Procace
495 837 603 920 lingua
623 836 749 913 melior,
775 852 913 899 armatus
933 838 1033 923 fugis,

224 942 350 1023 Pugnae
373 937 529 1000 inermis?
550 939 624 1001 Sed.
651 940 749 1001 Arma
770 939 798 1001 si
820 937 915 1001 reddi
934 940 1040 1016 iubeo,

224 1046 320 1103 Manu
343 1040 489 1103 refellam
511 1040 668 1124 quidquid
691 1040 831 1104 obiectas
852 1041 980 1124 probri.

157 1148 207 1203 170
223 1147 305 1212 Nub.
321 1148 393 1207 Hoc
404 1144 512 1205 facere
525 1143 661 1224 Solymis
674 1142 790 1205 decuit.
808 1144 883 1206 Sed.
897 1146 938 1208 Et
949 1143 1129 1207 factumluit

223 1250 349 1315 Naana.
370 1248 446 1309 Cum
457 1267 536 1328 prae
552 1267 586 1307 se
599 1245 766 1308 Hebraeos
782 1246 874 1308 miles
887 1247 1041 1327 Assyrius
1056 1266 1130 1310 canet
1168 1256 1174 1305 t

227 1354 350 1435 Ageret
371 1349 512 1432 fugaces.
534 1348 609 1414 Sed.
632 1347 780 1410 Persicas
801 1349 886 1411 inter
907 1370 1011 1411 nurus

225 1457 365 1516 Narrare
388 1467 510 1535 captam
532 1450 617 1513 forte
637 1472 709 1512 cum
733 1451 891 1530 Solymam
913 1455 1024 1534 voles3

228 1553 372 1617 Adversa
395 1553 510 1616 restria
533 1553 594 1616 tela
616 1554 669 1615 vix
689 1551 812 1634 aliquot
832 1553 917 1614 bene

161 1661 209 1715 175
229 1658 387 1718 Tenuisse
410 1657 443 1716 in
465 1655 546 1718 urbe
569 1655 703 1717 militum
726 1656 828 1717 larvas
849 1653 951 1728 refer,

228 1760 319 1853 Quos
339 1758 405 1820 aola
424 1759 553 1831 macies,
576 1756 674 1817 luridi
698 1769 730 1818 et
750 1757 853 1818 vultus
874 1756 966 1820 color

227 1863 254 1926 F
256 1875 365 1925 areret
375 1860 543 1922 timendos.
563 1860 647 1922 Nab.
671 1859 778 1921 Facile
791 1857 943 1919 frustrari
957 1859 1103 1943 impetum
1134 1935 1137 1948 Ι
1166 1936 1168 1948 Ι

227 1963 387 2025 Hostilem
408 1961 446 2023 ab
470 1962 540 2024 altis
562 1962 705 2023 turribus
728 1959 834 2044 quivis
853 1974 970 2042 potent,

227 2068 271 2129 Et
284 2066 414 2128 trahere
426 2062 556 2124 bellum.
580 2063 653 2126 Sed.
680 2063 798 2135 Facile,
821 2062 848 2122 si
867 2061 974 2144 ignavi
990 2060 1129 2125 obsident.

161 2177 212 2230 180
229 2171 312 2232 Nat.
334 2166 459 2228 Laudes
483 2168 617 2228 sceleste
639 2166 751 2249 pergis
773 2165 894 2248 argutis
913 2185 1002 2226 meaa

229 2271 392 2336 Obterere
415 2267 534 2333 dictis?
556 2269 630 2331 faxo
653 2282 686 2329 ut
706 2268 761 2330 hic
783 2267 867 2329 sidat
888 2282 994 2330 tumor

230 2377 269 2434 Et
292 2393 389 2456 agere
412 2372 531 2436 victum
553 2370 664 2434 doctus
685 2390 846 2432 assuescas
868 2371 970 2445 malis,

230 2479 330 2537 Caeca
352 2489 385 2535 ut
405 2474 549 2535 reclusus
571 2488 676 2546 nocte,
700 2471 845 2554 poedore
868 2472 1001 2549 obsitus,

231 2584 352 2641 Tecum
374 2580 444 2661 ipse
467 2591 581 2640 statuas
603 2577 717 2650 vietor,
739 2598 778 2641 an
801 2576 903 2640 victus
924 2577 999 2638 sies.

164 2694 211 2747 185
230 2683 304 2746 Sed.
328 2685 468 2744 Fortuna
484 2680 638 2742 miserum
656 2679 774 2753 fauere,
795 2700 860 2741 non
875 2679 1022 2742 timidum
1035 2686 1127 2764 poteo·

232 2785 363 2857 Exsilia‚
386 2797 533 2857 mortem,
558 2782 645 2844 mille
667 2803 841 2865 poenarum
863 2781 987 2857 modos,

231 2889 397 2982 Quamque
418 2886 469 2946 his
492 2901 525 2948 et
546 2885 610 2946 illis
631 2905 702 2946 esse
724 2885 872 2967 peiorem
891 2904 970 2947 reor

231 2991 355 3051 Minare
377 2988 483 3062 vitam,
505 3007 637 3049 carcere
659 3001 692 3048 et
713 2986 827 3047 vinclis
847 3007 979 3069 preme3

232 3091 379 3154 Exstabit
397 3093 519 3152 animus
540 3088 636 3166 liber,
658 3089 806 3164 invictus,
828 3110 912 3150 suus.

167 3216 215 3268 190
232 3197 313 3258 Nab.
338 3194 424 3257 Siata
447 3214 520 3259 esse
543 3194 640 3259 iubeo
663 3193 811 3278 liberum,
830 3194 993 3272 invictum,
1015 3210 1103 3259 mum.
