2356 4282
554 419 723 495 Sunucm.

174 587 295 651 Adeste
318 602 351 651 et
375 588 540 653 innocenti

98 697 154 750 210
172 696 336 777 Laqueum
357 708 466 778 parate
490 716 629 758 mecum:

170 799 261 859 Bona
281 795 504 881 undecumque
526 797 646 880 praeda
667 811 725 861 eet.

174 896 228 959 Sic
250 897 386 980 impiust
411 897 468 960 sed
491 920 591 982 aequa

173 997 238 1096 Qui
261 1001 352 1062 lance
376 1014 487 1062 cuncta
507 1000 613 1077 librat,

173 1105 246 1164 Non
267 1102 382 1164 surdus
406 1104 490 1165 ultor
508 1102 605 1164 audit.

98 1210 152 1263 215
174 1209 261 1267 Raro
281 1226 387 1288 poena
407 1205 504 1289 fugax
524 1206 628 1267 scelus

173 1306 293 1371 Claude
317 1307 461 1370 descruit
481 1306 583 1390 pcdc3
660 1312 664 1319 ’

173 1412 365 1493 Compensat
386 1410 525 1494 gravitas
547 1430 678 1473 moram.

173 1515 292 1574 lustum
313 1511 411 1574 rebus
433 1512 466 1572 in
494 1511 595 1573 anxiis

173 1613 302 1680 Vindex
324 1613 465 1676 aetheris
489 1613 609 1676 arbiter

100 1721 156 1773 220
173 1720 261 1777 Metu
284 1729 315 1778 ct
336 1714 503 1777 fraudibus
526 1729 657 1779 asseret.

172 1819 304 1880 Frustra
325 1817 471 1879 faucibus
491 1818 636 1879 imminet

172 1920 287 1982 Ductis
309 1919 406 2004 impia
428 1919 542 1982 factiot

172 2024 305 2085 Frustra
328 2022 467 2106 ringitur
488 2021 627 2096 invidus,

173 2128 276 2189 Caeco
299 2139 331 2188 ct
351 2147 513 2188 murmure
533 2122 730 2207 perstrepit:

101 2235 153 2287 225
172 2231 239 2289 lras
263 2226 364 2290 denso
385 2227 474 2289 utin
496 2227 621 2310 agmine

172 2333 213 2392 Et
233 2332 348 2414 longos
370 2331 439 2414 apis
462 2344 590 2414 asperat

171 2437 243 2496 Non
265 2433 327 2495 iam
349 2434 463 2495 mellea
484 2433 639 2512 homhos3

172 2537 237 2599 Aut
258 2535 369 2620 spinae
393 2548 425 2597 et
447 2536 558 2598 tribuli
580 2537 670 2613 leves

173 2638 326 2700 Subiecta
346 2654 381 2701 ut
404 2638 562 2722 crepitant
582 2637 667 2711 foco.

101 2752 154 2805 230
173 2743 304 2803 Frustra
326 2740 562 2803 consiliantium

172 2844 288 2906 Coetus
310 2843 451 2926 pervigil
474 2840 638 2904 excubant

172 2946 214 3008 Et
234 2945 359 3028 linguas
381 2959 497 3008 acuunt
520 2964 609 3024 suas3

173 3048 315 3129 Serpens
337 3060 372 3109 ut
391 3045 510 3108 trifidis
532 3046 628 3119 micat

173 3150 244 3210 Uno
268 3162 396 3232 gutture
419 3149 535 3210 sibilis.

105 3266 157 3321 235
237 3254 340 3314 Iustus
363 3252 523 3336 propositi
544 3266 637 3313 tenax

172 3355 290 3430 Fretus
311 3355 441 3429 numius
463 3373 624 3437 prospero

171 3494 380 3519 u-—p-n--u-

183 3518 186 3525 Ι
239 3568 274 3623 V.
294 3516 355 3623 atti
369 3520 512 3622 'Claudo
529 3561 630 3639 pede,
649 3561 685 3618 cf.
706 3563 778 3621 Hor.
798 3559 970 3720 Odblplst,
986 3567 1027 3629 32.
