2356 4282
534 427 702 491 fluoeoits.

155 592 306 658 Officers
326 594 429 658 leudis
453 593 595 679 perfidae
617 611 650 659 et
669 615 830 682 nunquam
853 600 928 662 setis

154 698 304 779 Solymus
326 698 468 762 iacentes
492 699 551 762 bac
574 699 679 761 iacent
700 713 816 762 stratae
837 722 941 764 manu.

101 811 133 862 25
151 799 304 862 Puditum
327 814 376 862 est
396 802 549 885 Pelasgae
571 800 711 863 fraudiss
734 816 769 863 ut
792 801 894 864 fortes
917 803 1020 878 decet.

153 903 275 967 Vicere
298 901 403 981 Medi3
426 902 582 986 quidquid
604 901 643 965 ad
665 903 759 985 regni
781 917 876 986 eaput

152 1009 218 1066 Tot
235 1017 308 1066 aute
329 1021 443 1089 regum
465 1006 579 1068 struxit
599 1006 728 1066 insanus
748 1004 850 1080 labor,

152 1109 259 1168 Ferro
282 1107 421 1168 recisum
441 1121 505 1169 est:
529 1107 665 1168 turrium
688 1106 844 1169 immanes
866 1118 1015 1189 premunt

153 1211 238 1271 Suos
259 1208 389 1286 suimet
411 1208 494 1271 fucta
515 1225 576 1292 per
597 1228 708 1271 muros
729 1209 780 1273 via
803 1223 860 1284 est,

95 1326 132 1377 ³0
152 1311 244 1404 Quos
267 1311 321 1393 qui
344 1311 485 1373 iacentes
507 1310 622 1385 videat,
648 1309 732 1372 haud
753 1310 865 1373 credat
884 1321 990 1373 temen

151 1412 301 1474 Potuisse
323 1412 434 1474 sterni.
480 1412 591 1510 Qualis
615 1412 729 1475 evictis
752 1411 833 1473 furit

152 1514 313 1578 Obicibus
335 1515 444 1589 amnis,
472 1535 543 1576 oum
565 1515 641 1599 iugo
663 1529 790 1576 montes
812 1511 914 1576 fluunt

152 1618 249 1679 Nivei
271 1618 383 1691 soluto,
410 1617 524 1678 miscet
545 1632 577 1679 et
599 1616 680 1678 caeli
703 1636 801 1679 novas

152 1721 262 1781 Imber
284 1718 392 1780 ruinas
400 1740 410 1796 ;
423 1718 490 1780 tlte
510 1732 571 1801 per
592 1738 720 1801 campos
742 1732 841 1802 tagus

98 1840 134 1890 35
154 1823 290 1901 vetitos,
310 1838 371 1904 per
393 1842 468 1884 arta
489 1821 593 1882 fertur
616 1836 648 1883 et
666 1819 820 1882 tumidum
841 1821 984 1905 undique

153 1920 317 1983 Diffundit
339 1940 471 2003 agmen:
499 1922 569 1984 tatis
591 1920 791 1983 horrendum
810 1923 958 1985 intonans

153 2026 249 2086 Miles
270 2039 332 2106 per
353 2023 479 2085 hostem
502 2023 600 2085 caede
622 2024 753 2085 molitur
774 2025 867 2097 viem,

154 2128 357 2208 Ferrumque
380 2142 412 2189 et
435 2126 542 2209 ignem
565 2126 694 2208 stringit
716 2127 838 2188 utrovis
859 2127 971 2189 serens

155 2229 309 2290 Exitium.
334 2228 478 2290 Hebruei
499 2241 603 2289 morte
625 2249 690 2289 non
710 2245 772 2288 uua
795 2226 926 2289 eadunt:

102 2344 136 2401 to
153 2332 249 2392 Hune
271 2329 395 2392 flemma
417 2329 550 2392 latebris
571 2329 672 2411 pellit,
699 2343 733 2390 ut
754 2329 866 2392 stricto
889 2329 999 2394 induet

152 2425 307 2494 Mucrone‘
329 2445 459 2515 pectus3
483 2432 539 2494 itte
561 2430 637 2492 dum
659 2429 783 2492 ferrum
804 2431 896 2492 timet

151 2535 289 2608 Hostile,
314 2534 428 2617 patriis
448 2535 572 2617 eligens
596 2532 728 2594 {lammis
751 2534 847 2606 mori,

151 2640 300 2710 Mortem,
327 2635 509 2717 sepulerum
532 2635 666 2718 quaerit,
693 2648 725 2696 et
746 2633 832 2696 domi
853 2634 986 2699 invenit.

154 2738 279 2818 Solyma
302 2734 421 2799 ululatu
441 2751 506 2799 tota
528 2737 668 2798 femineo
691 2749 813 2811 sonant,

105 2849 134 2902 ts
153 2845 308 2924 ipsosque
329 2855 439 2904 terror
461 2858 562 2924 paene
584 2840 724 2904 victores
747 2839 851 2902 subit:

153 2946 311 3027 Congesta
332 2957 456 3026 patrum
478 2943 606 3016 decora,
629 2940 762 3004 caelatas
785 2942 893 3006 trabes

152 3046 308 3128 Depaseit
328 3045 435 3118 ardor,
457 3045 580 3128 regium
603 3042 747 3106 ssemmue
770 3043 921 3106 ambiunt.

151 3149 219 3208 Nee
240 3147 343 3229 paruit
364 3146 460 3230 ignis,
483 3156 619 3228 parcere
639 3161 674 3208 ut
694 3147 798 3208 victor
819 3147 905 3208 velit.

152 3252 224 3311 Non
245 3248 398 3330 probibet
419 3249 528 3312 avidas
550 3246 682 3320 flamma,
706 3256 772 3310 non
791 3249 891 3330 pestis
912 3261 1040 3312 munus:

101 3357 136 3410 50
154 3350 281 3413 Medios
303 3370 364 3432 per
384 3365 500 3425 aestus,
521 3349 776 3411 interemimus
798 3349 912 3433 globos

155 3453 312 3514 Semiusta
334 3452 426 3514 miles
449 3453 550 3536 spolia
571 3455 741 3536 populator
761 3454 855 3535 rapite

155 3555 284 3649 Quique
305 3556 481 3620 obstinatae
503 3555 609 3618 taedio
630 3556 732 3639 vietus
754 3573 863 3618 morae
