2356 4282
100 428 142 498 18
517 431 657 496 Paratur

166 598 306 663 Haberis
327 600 456 686 hospes,
479 622 574 687 quem
594 596 783 666 Palaestinis
805 623 937 687 gravem

166 705 334 767 Revoeans
354 704 526 789 triumphis
548 707 659 769 senior
680 707 788 768 lsaoiis
813 706 901 767 labin

117 818 149 872 75
167 805 323 871 Obiioere
345 807 481 872 ducibus
503 824 607 872 eastra
629 822 855 892 properantem
877 807 977 871 iubet.

494 1015 627 1069 stouras.
665 1015 761 1069 ter-tet.

165 1152 231 1216 Sis.
256 1151 360 1216 Astris
380 1150 596 1236 propinquum
617 1150 750 1236 gradior
772 1151 920 1214 attolle-ns
943 1167 1038 1237 eaput

165 1259 246 1319 Toto
268 1255 324 1316 ille
344 1268 437 1317 notus
460 1252 559 1335 orbe3
585 1277 643 1337 par
666 1255 791 1338 superis
815 1255 919 1334 Sisar3

165 1360 258 1422 Bello
279 1355 464 1421 tremendus
487 1356 602 1420 ductor
623 1372 665 1430 et,
690 1379 770 1442 quae
793 1380 867 1441 pars
888 1379 979 1421 meos

166 1459 262 1521 Haud
283 1459 413 1520 minima
436 1459 545 1522 titulos
568 1473 668 1535 ornat,
693 1460 829 1524 invictae
853 1458 974 1521 arbiter

114 1575 148 1628 80
166 1561 379 1646 Domitorque
402 1561 516 1645 gentis,
540 1583 632 1645 quarn
653 1582 714 1623 nec
735 1583 809 1624 acer
831 1562 975 1625 contudit

166 1663 291 1726 Pharao
312 1684 373 1726 neo
394 1662 503 1726 hostes
523 1664 621 1738 mille,
648 1686 711 1725 non
734 1665 862 1747 populis
884 1665 1041 1749 frequens

167 1766 307 1842 Amalec,
334 1781 488 1851 potensve
511 1763 644 1828 Moabus
667 1781 718 1828 aut
738 1765 875 1851 pingues
897 1789 990 1828 arans

166 1871 346 1932 Basanaeus
369 1890 475 1952 agros,
497 1890 563 1930 nou
585 1867 778 1930 Amorrhaei
802 1868 954 1930 advenam

167 1974 312 2059 Fregere
335 1973 427 2037 bella.
472 1973 560 2070 Quin
582 1988 614 2036 et
636 1995 808 2056 oppressus
831 1975 917 2037 Seon

118 2088 151 2141 85
170 2076 325 2161 Ogusque
346 2091 378 2140 et
399 2077 500 2140 Enaci
523 2075 607 2137 mole
630 2075 807 2138 terrificum
829 2099 930 2160 genus

167 2177 316 2240 Hebraea
339 2178 440 2241 sensit
460 2200 555 2241 arma.
600 2181 757 2262 Peri-apta
780 2194 828 2241 est
850 2178 927 2241 freti

166 2281 321 2368 Adusque
343 2281 450 2365 magni
472 2281 548 2343 litus
570 2294 603 2343 et
625 2281 736 2362 Syriae
759 2281 868 2366 plagas

167 2384 330 2446 Promissa
352 2382 461 2466 regio:
484 2383 569 2445 nube
592 2404 652 2447 ceu
672 2399 764 2469 rupta
787 2385 927 2447 emicans

116 2548 120 2553 ,
167 2486 320 2550 Pervadit
343 2486 437 2570 ignis,
462 2486 565 2571 qualis
586 2500 638 2548 aut
657 2485 761 2549 fracto
784 2511 881 2570 rapax

117 2603 151 2657 9ο
170 2588 235 2650 Per
256 2588 349 2672 plana
370 2603 499 2650 torrens
523 2586 617 2651 obice
638 2589 853 2673 praecipitans
875 2590 948 2652 ruit.

168 2693 260 2754 Nune
283 2690 338 2752 ille
360 2711 472 2776 regum
494 2690 598 2756 vietor
620 2704 654 2754 et
675 2713 784 2754 rerum
806 2707 920 2776 potens

200 2958 203 2964 »
222 2924 271 2978 ›V0
291 2926 334 2980 76.
351 2919 462 2976 Sinarus
480 2939 580 2976 rerum
597 2939 731 2978 successu
748 2921 876 2977 tumidus
896 2922 994 2979 dolere
1014 2937 1099 2998 parat

171 3011 314 3067 lsraelem.
337 3009 426 3067 Jerial
443 3009 554 3067 frustra
572 3029 638 3067 eum
657 3010 796 3069 deterret·
839 3006 846 3018 ⁶

237 3118 273 3174 V.
297 3122 341 3173 82.
362 3114 489 3184 Amalec,
509 3117 547 3172 cf.
570 3117 634 3176 Aet.
656 3122 677 3176 1,
705 3124 762 3176 157.
788 3117 913 3173 Moahus
938 3137 962 3178 s.
987 3121 1099 3176 Moabi-

170 3213 230 3268 tae,
258 3201 390 3257 Basanaei
410 3215 442 3258 et
459 3202 628 3259 amorrhaei
652 3204 755 3276 populi
779 3205 896 3259 australi
914 3216 942 3260 et
961 3205 1097 3263 orientali

170 3288 351 3343 Palaestinae
367 3290 446 3362 parti
463 3288 589 3348 finitimi.
615 3290 651 3343 V.
663 3290 747 3346 Num.
760 3296 800 3350 22.
814 3307 856 3365 sq.
869 3293 954 3349 Deut.
966 3301 992 3359 2,
1008 3300 1033 3354 9.
1051 3312 1095 3369 sq.

132 3383 135 3391 '
239 3392 277 3449 V.
301 3396 343 3450 st.
366 3392 472 3459 Soon,
493 3389 530 3450 ef.
553 3366 618 3451 Acti
642 3395 663 3458 l,
684 3392 740 3451 169.

239 3494 278 3549 V.
297 3498 468 3579 ⁸5·‚⁰3¹¹⁸r
483 3513 535 3551 rex
550 3496 763 3575 Basanaeorum
782 3499 818 3555 de
832 3499 925 3573 stirpe
943 3501 1098 3576 gigantum,

172 3579 314 3638 Hebraeis
329 3583 426 3642 Enaci.
446 3581 489 3645 cf.
507 3582 591 3640 Deut.
611 3588 637 3648 3,
658 3588 683 3644 l,
704 3600 746 3658 sq.
