2356 4282
150 446 211 518 {88
451 492 454 497 ,
502 492 518 501 --
546 449 667 512 Guorn

150 624 199 679 130
217 621 259 681 Et
279 617 366 681 mille
385 617 531 681 manibua
553 638 625 680 saxa
645 617 798 682 iaculatus
820 619 926 683 furor.

216 725 336 783 Instare
356 721 476 783 nullum
498 720 624 783 credidi
645 720 740 784 nobis
761 723 890 798 malum,

217 824 290 918 Quo
312 823 413 884 maius
435 843 506 885 esse
528 834 674 906 poterat3
697 825 846 906 exemplo
871 844 997 898 carena,

216 925 312 1019 Quod
333 926 418 987 nulla
438 925 582 1009 genitrix
603 927 718 1002 timuit,
744 927 806 989 hoe
827 927 933 989 aolum
953 927 1020 989 fuit

215 1033 289 1114 Ego
312 1029 397 1113 quod
417 1030 574 1092 timerem
596 1031 725 1107 Misera,
751 1052 827 1092 num
847 1051 947 1094 voees
967 1051 1045 1094 meo

151 1129 199 1183 135
218 1133 377 1230 Quaeram
399 1130 514 1206 dolori,
537 1134 645 1230 potina
666 1153 705 1193 an
725 1133 828 1195 laetus
851 1131 1019 1215 premam?

217 1235 248 1299 Ο
271 1253 385 1317 magne
407 1239 558 1318 (namque
577 1234 641 1297 hae
663 1233 761 1297 eredo
782 1254 868 1296 nune
889 1234 1001 1312 etiam)
1022 1237 1120 1308 Dens,

219 1337 283 1397 Cur
304 1334 343 1397 ad
364 1335 488 1398 minora
511 1356 611 1420 regna
633 1336 776 1401 venienti
797 1356 869 1398 mea

218 1437 294 1499 Tibi
315 1437 435 1520 placuit
457 1437 570 1501 alvus?
592 1458 651 1500 cur
673 1457 734 1522 ego
755 1436 796 1499 ad
817 1457 954 1520 poenam
978 1435 1043 1500 tibi

217 1540 329 1602 Electa
349 1539 474 1602 mater?
494 1541 581 1603 nulla
600 1554 691 1602 certe
713 1539 854 1602 faemina

150 1632 310 1737 140Quaa
332 1643 462 1726 peperit
483 1644 656 1720 hominem,
680 1662 761 1728 quae
784 1643 889 1706 virum
905 1641 989 1706 ¹feeit
1008 1657 1138 1726 patrem,

219 1750 298 1807 Tam
320 1765 413 1807 saeva
434 1766 527 1828 passa
547 1759 616 1825 eat3
638 1746 723 1808 nulla
747 1745 940 1830 progeniem
961 1766 1083 1830 parens

217 1846 332 1908 Melius
355 1846 467 1928 adepta
487 1861 545 1921 eat,
566 1847 651 1910 nulla
672 1848 774 1929 peius·
787 1846 940 1931 perdidit.

216 1950 283 2011 lot.
306 1947 387 2046 Quis
408 1949 511 2011 maior
534 1970 629 2011 auree
649 1950 793 2032 planetus
814 1963 957 2012 assuetae
976 1947 1081 2011 ferit?

218 2051 314 2147 Quod
335 2073 452 2134 corpus
473 2051 568 2128 istud,
594 2053 690 2133 Tyria
711 2050 799 2136 quod
822 2053 894 2114 uelo
914 2051 999 2136 tegit

151 2157 199 2212 145
218 2154 379 2218 Candente
402 2152 541 2218 sindon?
562 2154 618 2216 ille
639 2154 712 2237 qnia
733 2174 830 2216 venas
854 2171 954 2215 senex

217 2256 333 2318 Adhuc
354 2233 490 2316 fluentes
512 2253 617 2317 imbre
640 2254 773 2317 odorato
796 2252 907 2338 rigat?

218 2359 299 2455 Quis
321 2355 421 2419 adstat
443 2355 545 2420 alter?
567 2357 688 2439 impetu
710 2368 827 2439 quanto
846 2354 913 2416 ruit

217 2458 378 2522 Muliebre
400 2457 535 2541 vulgus?
558 2457 677 2530 Fallor,
698 2470 731 2518 et
751 2469 892 2519 maestae
915 2453 1012 2538 genia

220 2561 334 2624 Subito
355 2559 510 2620 micantes
532 2558 707 2620 lachrimae
729 2559 834 2620 vultus
857 2570 1001 2640 gravant.

151 2665 201 2720 150
218 2664 268 2724 An
291 2680 368 2725 vera
390 2658 508 2722 vide'o‘?
529 2665 647 2734 Mater‚·
662 2658 712 2720 illi
734 2674 819 2721 artua
839 2658 897 2732 tui,

218 2770 307 2827 Tune
329 2763 384 2823 ille
406 2761 554 2845 sanguis‘3
579 2762 602 2835 i,
621 2781 701 2845 rape
723 2773 864 2822 extrema
884 2761 1011 2823 esculat

217 2865 318 2949 Imple
342 2868 525 2946 parentem:
547 2861 690 2924 filiihoe
712 2875 811 2924 restat
831 2861 901 2923 tibi.

217 2967 303 3029 Mar.
324 2964 439 3026 Anima
461 2965 525 3025 heu
546 2964 653 3048 longia
676 2962 802 3027 defeaaa
822 2963 913 3025 malis

217 3072 254 3130 ln
275 3065 414 3129 maiores
436 3063 553 3126 suffice
572 3067 686 3141 luctus,
766 3145 768 3148 Ι

149 3175 198 3230 150
216 3173 302 3231 Dum
326 3167 473 3231 'crudeles
493 3167 577 3251 apud
599 3168 750 3253 exequias

218 3274 373 3355 Suprema
394 3269 488 3333 dolor
509 3290 642 3332 munera
666 3270 781 3333 toltit·

216 3375 327 3436 Liceat
348 3372 478 3437 niveum
498 3371 616 3433 tollere
635 3372 789 3455 peplums

218 3477 382 3559 Carasque
402 3474 502 3536 eemel
524 3492 661 3535 eernere
682 3475 797 3537 vultus.

218 3581 310 3638 Tune
333 3566 388 3637 ille
410 3573 534 3637 miser?
554 3575 691 3637 talemne
714 3589 789 3636 tuus
837 3592 848 3613 '-
950 3610 953 3615 ·

251 3718 289 3776 V·
300 3721 357 3775 15³.
367 3715 538 3790 Sequuntur
543 3731 646 3773 versus
651 3713 830 3789 anapaestiei.
839 3713 884 3772 cf.
894 3710 962 3773 Sed
970 3713 1035 3772 Aet.
1044 3719 1081 3779 11,
1088 3718 1141 3773 201.
