2356 4282
410 473 571 536 Cunrsrus
591 472 745 535 Parmam.
982 473 1042 541 173

65 653 99 705 05
119 637 216 735 Quod
239 640 331 724 culpa
351 663 481 718 nomen,
500 663 614 726 poena»
628 652 723 728 quom
744 642 870 705 titulum
890 641 1001 706 forot'

120 740 227 807 Stabat
250 765 349 827 super
369 745 542 827 pendentis
565 745 730 830 obliquum
753 760 845 828 caput

118 844 279 926 Triplices
301 846 416 909 tabella
436 848 526 912 vocis
548 862 710 911 ostentans
731 861 832 921 notas,

117 947 275 1030 Inscripta
297 949 405 1034 quales
427 951 545 1027 charta,
572 972 653 1037 quae
674 952 820 1032 Solymos
840 949 935 1014 docet

119 1049 264 1114 Caeloste
287 1073 429 1127 sacrum,¹
443 1054 561 1117 crescit
580 1054 614 1115 in
635 1054 780 1117 dextrum
804 1054 897 1129 latus,

64 1166 99 1218 00
118 1150 308 1246 Quibusque
332 1155 447 1218 sollers
470 1156 609 1218 Graecia
630 1157 664 1217 in
685 1156 799 1218 lamam
824 1178 895 1218 suas

117 1254 251 1316 Dimisit
273 1271 367 1330 artes,
394 1271 426 1318 et
447 1257 562 1341 quibus
586 1258 676 1341 leges
699 1257 784 1320 datas

117 1356 255 1419 Mundus
276 1359 406 1422 Latinae
427 1360 546 1442 praeda
567 1361 694 1425 virtutis
717 1361 834 1423 tremit.

117 1459 179 1520 His
202 1479 314 1523 sensus
337 1460 438 1525 idern:
462 1483 579 1523 nomen
600 1476 632 1523 et
652 1461 786 1544 patriam
807 1461 927 1537 ferunt,

118 1564 289 1645 Ipsumque
310 1585 422 1647 regem
444 1564 549 1648 gentis
571 1563 741 1626 Hebraeae
764 1580 888 1630 vocant.

64 1674 98 1726 95
117 1667 290 1746 Postquam
312 1663 451 1728 dolentis
472 1686 529 1729 ore
553 1687 588 1727 se
608 1666 696 1748 pavit
716 1665 781 1740 diu,

117 1769 191 1828 Huc
212 1768 307 1829 torsit
329 1770 438 1832 oculos
461 1791 553 1832 saeva
575 1791 655 1853 gens
676 1770 860 1845 antistitum,

116 1871 159 1930 Et
179 1871 305 1952 reperit
323 1871 444 1954 aliquid
465 1886 546 1934 tantu
569 1872 704 1954 patienti
725 1873 806 1934 mula

118 1970 215 2066 Quod
236 1972 417 2052 invideret3
440 1974 528 2036 tollat
550 1973 746 2056 adscriptum
768 1974 866 2037 decus

117 2076 256 2136 Praeses
276 2090 417 2157 rogetur,
443 2075 558 2136 nevel
581 2076 649 2158 ipsa
670 2074 813 2139 vindicet
856 2130 860 2136 .

48 2179 99 2232 100
118 2178 155 2236 In
175 2190 278 2238 morte
300 2197 446 2259 regnum,
469 2198 568 2260 seque
591 2177 751 2260 privatum
773 2191 870 2261 neget

118 2278 293 2354 Occidere,
319 2279 421 2343 verbo
443 2279 546 2342 factus
567 2280 697 2363 imperii
719 2294 843 2362 potens.

117 2383 162 2443 At
182 2383 236 2444 ille
260 2383 359 2446 durus
381 2398 512 2466 perstat,
536 2399 628 2469 atque
650 2383 790 2447 hominis
811 2384 908 2448 modo

118 2484 251 2546 Donare
273 2486 370 2549 vitam
391 2485 507 2560 facilis,
529 2486 592 2548 hoc
614 2485 741 2547 tandem
763 2501 867 2569 negot.

118 2587 212 2649 Ultor.
231 2587 316 2648 Dum
338 2588 458 2650 misera
479 2587 593 2671 longos
615 2588 679 2651 vita
701 2588 860 2650 cruciatus
880 2587 986 2666 trahit,

52 2694 101 2746 105
120 2688 194 2783 Quo
216 2690 354 2774 populus
377 2690 478 2753 adstat
502 2711 571 2764 ore,
596 2690 651 2774 qui
674 2689 797 2752 circum
819 2690 938 2753 sonus?
1029 2712 1033 2737 ³

116 2793 217 2856 Natat.
236 2814 285 2874 pr.
303 2794 375 2854 Non
393 2815 454 2855 una
473 2791 591 2856 facies:
607 2791 755 2855 dissonae
774 2811 871 2858 voces
887 2807 1043 2876 strepunt.

117 2898 198 2956 Pars
222 2910 344 2959 moesta
365 2895 454 2959 vultu
474 2913 510 2956 ac
533 2894 631 2958 corde
655 2892 759 2959 defixo
782 2909 906 2977 stupet:

117 3003 198 3062 Pars
222 3016 326 3064 morte
347 3001 433 3062 lenta
454 2999 585 3074 fruitur,
609 3014 641 3063 et
663 3014 812 3085 quantum
833 3013 941 3085 potest
963 3024 969 3049 ¹

119 3101 272 3165 Extendit
294 3103 376 3181 iras3
400 3116 541 3164 motuum
562 3100 725 3165 discordia

46 3208 101 3260 110
120 3205 188 3266 Alit
207 3204 278 3287 ipsa
298 3219 420 3269 motus:
442 3225 578 3287 namque
599 3203 743 3265 miranda
762 3203 835 3268 vioe

120 3306 405 3371 Tristcsaoerhos
427 3305 599 3369 lachrimae
622 3306 707 3368 risus
728 3320 868 3380 movent,

118 3409 283 3492 Risusquo
305 3408 484 3472 lachrimas.
506 3407 587 3470 Fine
610 3408 753 3472 Galilaeo
774 3406 890 3489 procul
963 3468 966 3471 ,

118 3511 262 3579 Comites
284 3526 410 3575 secutae
430 3511 529 3573 limen
551 3508 591 3574 ad
613 3510 724 3592 templi
746 3522 880 3584 sacrum,

118 3612 220 3683 Modo
243 3635 321 3699 quas
340 3615 503 3699 ministras
524 3613 598 3690 vita,
620 3633 705 3677 nunc
726 3626 824 3679 testes
845 3609 944 3677 hahet
