2356 4282
492 107 757 168 Soruonrnnuus.
1057 98 1120 168 219

197 275 372 334 Numerum
394 289 521 356 stupent
542 273 739 358 faciuntque.
768 275 846 335 Cum
867 286 996 335 ventum
1016 291 1119 355 prope

197 375 238 434 Et
259 374 338 435 urbs
362 374 394 435 in
417 377 531 450 oculis,
554 377 689 438 claustra
710 387 875 459 portarum
897 388 1009 457 petunt

198 473 390 537 Flammante
413 476 522 556 taeda3
546 477 642 539 traxit
663 497 738 539 acre
760 474 944 537 incendium

197 574 306 650 Abies,
334 591 366 638 et
388 578 502 661 ingens
523 581 630 640 Eurus
651 578 771 642 adiuvit
793 578 898 640 faces:

147 685 179 736 65
199 677 335 758 Sparsus
356 681 553 763 propinquas
576 682 660 764 ignis
683 679 797 742 invasit
820 680 947 741 domus:

200 778 339 841 Volitant
360 777 506 842 favillae:
529 783 642 862 piceus
663 796 697 843 ut
720 782 812 843 coelo
835 781 960 864 globus.

198 882 346 962 Dumque
367 879 458 941 urbis
480 881 556 944 illuc
578 883 714 964 populus
738 901 911 943 accurrens
932 892 1021 964 parat

198 979 352 1040 Remedia
374 978 530 1055 flammae,
553 983 640 1043 ruris
662 983 724 1043 hoc
746 1004 802 1044 usa
825 982 950 1065 agmina

198 1083 331 1154 Pavore,
354 1082 438 1143 muri
459 1098 549 1165 parte
572 1084 717 1166 neglecta
740 1084 876 1156 irruunt,

146 1189 179 1237 70
199 1181 373 1265 Statimque
396 1200 486 1266 rapta
506 1184 646 1268 publicis
667 1184 885 1267 penetralibus

198 1285 295 1344 Arma
316 1283 500 1359 induuntur,
523 1301 555 1348 ct
576 1287 703 1348 vibrant
726 1306 820 1347 enses
841 1308 946 1347 manu.

198 1387 258 1447 los.
281 1386 375 1448 Solos
394 1387 582 1448 nomarchas
604 1387 662 1448 ista
685 1386 802 1448 seditio
824 1387 928 1469 petit?

197 1487 246 1546 An
270 1487 363 1547 latius
385 1503 526 1570 vagatur,
549 1502 580 1549 et
602 1486 789 1549 discrimine

197 1589 311 1648 Sontes
334 1604 457 1650 remoto
480 1590 594 1650 miscet
616 1591 755 1652 innocuo
778 1588 895 1671 gregi?

144 1700 177 1749 75
195 1689 294 1752 Nunt.
317 1690 437 1750 Rabies
461 1691 492 1749 in
516 1691 604 1771 ipsos
625 1692 728 1772 prima
749 1705 894 1752 rectores
916 1689 1029 1750 furens

197 1794 234 1850 ln
254 1791 356 1852 frusta
376 1791 493 1851 multos
516 1792 648 1874 carpsit,
674 1807 767 1874 atque
789 1793 905 1853 borum
927 1790 1008 1851 nihil

195 1894 329 1954 Tumulo
351 1891 501 1974 reliquit3
525 1892 650 1975 profuit
670 1893 781 1974 paucis
801 1892 886 1975 fuga,

198 1995 287 2088 Quos
309 2014 394 2054 nunc
417 1993 560 2055 ferarum
585 1993 696 2055 deviae
721 1993 861 2054 latebrae
882 2005 1002 2074 tegunt.

196 2100 271 2156 Mox
293 2094 411 2156 horrca
432 2095 599 2172 invasere3
620 2115 700 2177 quae
721 2093 827 2174 potuit
848 2095 947 2154 Ceres

144 2208 179 2260 80
197 2198 332 2258 Servato
354 2209 443 2258 recte
464 2196 619 2278 temporis
642 2194 730 2277 longi
753 2194 867 2256 famem

197 2300 322 2360 Arcera
343 2300 473 2381 populo,
499 2310 587 2380 rapta
610 2297 680 2358 sinc
702 2297 775 2380 lege
797 2318 833 2360 ac
855 2296 963 2370 modo,

196 2400 271 2460 Mali
294 2398 408 2461 diebus
431 2398 534 2461 attulit
554 2399 663 2482 paucis
685 2420 818 2460 moram.

197 2503 380 2565 Primordia
402 2505 481 2566 haec
502 2503 613 2580 luere3
637 2503 778 2565 sednon
801 2503 849 2564 vis
873 2502 960 2564 stetit

197 2602 267 2695 Qua
290 2605 407 2686 coepit,
429 2605 479 2666 ire
502 2605 535 2664 iu
557 2605 660 2686 peius,
686 2618 720 2665 ut
742 2605 849 2667 morbi
871 2605 985 2666 solent.

144 2725 177 2774 55
197 2707 288 2800 Quae
311 2707 397 2768 clara
420 2705 560 2788 pendent
582 2706 665 2769 dona
685 2706 878 2790 templorum
900 2707 1008 2780 tholis,

197 2808 288 2897 Quae
308 2807 431 2889 publici
453 2827 528 2867 usus
550 2828 635 2890 gaza,
661 2807 792 2890 privatis
814 2829 868 2868 sua

197 2908 287 2997 Quos
310 2929 383 2971 arca
406 2928 519 2970 census
541 2923 656 2982 servat,
684 2910 718 2969 in
739 2908 890 2992 praedam
913 2909 1011 2971 venit.

196 3013 264 3072 Noc
285 3011 371 3094 ignis
391 3008 497 3073 avidas
520 3026 608 3074 arcet
628 3011 803 3074 inhiantum
826 3033 953 3072 manus:

195 3110 360 3192 Diripitur
382 3113 498 3176 ardens
520 3115 656 3197 Coptos3
683 3114 851 3197 ingenuam
875 3133 1002 3196 quoque

144 3219 178 3269 90
196 3211 331 3286 Pubem,
354 3213 507 3297 virosque
529 3215 654 3278 nobiles
676 3230 783 3297 captos
805 3215 941 3288 trabunt,
