2356 4282
432 445 699 509 Sornoumu‘nas.

69 620 222 678 295Tu1n
245 613 397 701 quicquid
417 613 484 698 egit
504 613 636 678 fortiter
657 616 744 679 hello
766 617 902 694 Pharos,

138 721 201 780 Aut
222 738 303 801 pace
324 714 470 802 placide:
496 717 651 802 quicquid
672 718 819 802 Aegypto
841 720 920 785 utile

138 820 279 881 Sanxem
301 819 409 903 leges:
430 819 617 901 Memphide
638 833 672 882 et
695 820 898 903 regnantium

139 922 166 981 Α
194 925 324 983 Mosore
351 921 456 1003 primo
479 920 617 995 nomina,
641 935 673 983 ct
692 921 804 1004 populi
825 936 933 985 truces

138 1026 245 1083 Motus
265 1021 298 1081 in
322 1022 382 1084 alta
405 1022 489 1084 moic
511 1022 712 1104 pyramidum
732 1038 853 1099 notant,

69 1136 120 1189 000
138 1128 259 1186 Rerum
282 1123 498 1205 exprimentes
520 1123 621 1206 signa,
645 1144 711 1185 non
732 1144 847 1187 vocum
868 1136 975 1188 sonos.

135 1228 206 1289 Iud.
228 1224 315 1318 Quid
338 1224 392 1284 illa
414 1223 477 1285 sibi
499 1226 567 1288 vult
587 1225 704 1298 tabula,
728 1227 881 1309 generosi
903 1226 993 1291 ducit

137 1327 201 1388 Ubi
224 1325 316 1408 plebs
340 1324 381 1387 ad
401 1325 502 1386 auiam
523 1325 642 1408 pallida
658 1347 695 1390 ac
714 1327 879 1410 trepidans
902 1329 989 1392 coit?

136 1430 301 1508 SirmRes
324 1449 435 1513 magna
457 1428 546 1511 regio
569 1429 682 1512 agitur.
726 1431 766 1492 Ut
786 1430 925 1514 primum
944 1429 1043 1496 tidem

138 1532 247 1617 Segeti
271 1529 440 1614 abnegavit
460 1551 572 1604 annus,
594 1532 720 1594 esurire
744 1532 842 1594 exciti

71 1651 122 1702 305
139 1633 299 1718 Mancipia
321 1631 462 1696 vendunt
484 1633 618 1707 Cerere,
644 1652 737 1718 quam
761 1654 819 1695 rex
839 1632 980 1709 horreis,

140 1740 223 1798 Dum
244 1738 331 1818 larga
352 1734 603 1808 meminissem,
627 1734 794 1798 abdiderat
816 1737 892 1814 suis,

138 1842 210 1901 Hoc
233 1852 305 1900 vate
327 1836 475 1898 monitus.
520 1836 653 1902 Saevior
674 1851 842 1920 postquam
863 1837 965 1902 fames

139 1938 316 2002 Momordit
338 1952 434 2011 artus,
458 1936 608 2001 adferunt
628 1939 767 2021 pretium
789 1940 901 2018 bores,

140 2044 182 2102 Et
204 2039 357 2124 quicquid
377 2039 489 2101 herbis
510 2039 653 2122 pascitur
673 2042 764 2104 laetis
786 2062 904 2127 penum

68 2152 119 2206 310
137 2145 180 2205 At
202 2161 274 2203 mox
296 2156 328 2204 ct
349 2161 459 2226 agross
482 2141 600 2205 deinde
621 2143 672 2205 ius
693 2145 790 2207 etiam
814 2146 873 2207 sui.

139 2243 194 2307 Sic
216 2256 329 2306 cuncta
350 2263 481 2327 magnus
503 2265 578 2306 arva
600 2264 682 2328 quae
702 2245 793 2307 Nilus
814 2245 912 2322 videt,

136 2346 262 2410 Demtis
285 2359 408 2408 sacrato
431 2344 514 2408 dicta
535 2364 616 2428 quae
637 2344 765 2407 fuerant
786 2344 898 2422 choro,

135 2448 375 2531 Hominumque
399 2445 487 2509 venit
506 2445 600 2507 turba
621 2443 680 2506 sub
703 2446 792 2527 regis
813 2468 955 2512 manumx

138 2551 228 2645 Quos
250 2548 305 2611 illc
329 2553 479 2630 (namquo
499 2546 533 2607 id
555 2546 702 2609 columen
724 2546 855 2629 imperii
876 2547 950 2612 sore

67 2666 118 2719 315
139 2655 213 2712 Dux
237 2651 429 2729 aestimarit)
450 2651 600 2734 linquere
624 2672 641 2710 a
662 2650 792 2731 proavis
815 2649 871 2712 diu

136 2752 282 2816 Habitata
304 2752 397 2814 iussit
418 2774 502 2824 arra,
526 2766 559 2813 et
581 2751 684 2813 aliena
707 2751 743 2811 in
763 2751 834 2814 loca

136 2856 225 2917 Misit
247 2855 390 2917 colonos.
432 2857 506 2918 lou.
528 2853 616 2916 Proh
637 2854 700 2916 viri
724 2854 922 2935 sapientiem,-

137 2956 212 3019 Sivc
234 2956 287 3017 illa
309 2957 347 3017 ab
370 2978 440 3030 usu,
465 2956 533 3019 sive
556 2956 596 3018 de
618 2957 710 3019 coelo
732 2955 802 3018 deta
824 2971 883 3018 est.

138 3056 203 3120 Sed
224 3077 266 3118 nc
289 3057 342 3117 illa
364 3057 459 3119 nobis
482 3056 576 3130 obsit,
598 3056 684 3118 haud
705 3056 824 3118 frustra
844 3055 925 3117 mihi

67 3177 119 3230 320
138 3162 202 3223 Cor
223 3161 312 3221 timet
320 3180 329 3237 ;
354 3158 393 3219 ab·
415 3159 487 3240 ipso
509 3159 605 3221 multa
625 3159 747 3221 nesciri
767 3159 875 3221 velim.

137 3263 215 3325 Son.
237 3261 378 3344 Spatium
400 3259 486 3343 quod
509 3261 590 3322 ultra
611 3261 757 3343 porticus
781 3269 905 3344 tergum
929 3259 1040 3324 domus

140 3367 293 3447 Spectans
316 3362 450 3435 recedit,
472 3361 516 3422 nil
541 3361 648 3434 habet,
670 3375 702 3423 te
723 3361 808 3446 quod
828 3362 917 3426 iuvet

139 3466 305 3549 Inspicere
313 3486 323 3545 3
349 3465 462 3527 saeclis
487 3470 598 3526 cuncta
619 3470 700 3548 quie
718 3464 837 3546 populo
858 3464 959 3529 Phari

140 3566 282 3634 Venient
303 3567 420 3631 futuris
441 3566 518 3643 fata,
544 3585 634 3631 meus
657 3565 706 3628 ibi
725 3565 872 3648 praescia

788 3638 859 3719 15*
