2356 4282
385 508 387 513 ·
502 479 647 542 &asnaa
995 480 1037 549 65

54 669 90 722 70
106 647 241 722 Extulit,
263 646 349 710 haud
369 647 536 733 quisquam
555 648 690 733 vestigia
710 661 798 712 certa
817 650 955 714 tetendit

111 751 305 814 Conauctnm
325 769 387 834 per
408 751 480 826 iter,
511 751 638 834 lateque
662 751 831 813 silentibus
853 751 939 816 arvis

112 855 176 914 Per
197 853 294 914 calles
316 866 435 916 tentata
456 853 508 916 ria
532 867 632 916 estet
653 853 814 936 inhospita
838 867 958 937 tesqua.

109 955 197 1017 Hinc
220 975 403 1038 compressa
424 956 529 1019 virum
549 955 651 1020 virtus
675 955 860 1040 animusque
882 954 1004 1018 resedit

107 1056 278 1131 leucidum,
300 1057 403 1120 excita
426 1072 475 1120 eat
494 1057 597 1120 donec
619 1057 818 1141 Lapidothis.
842 1057 891 1122 Ah
913 1058 970 1120 illo
1030 1050 1033 1055 ¹

54 1167 84 1219 {5
107 1160 322 1244 Omnipotens
342 1181 424 1224 nova
444 1159 529 1222 bella
551 1161 615 1223 ciet
637 1164 834 1244 Martemque
854 1159 993 1235 lacessit,

106 1261 238 1345 Oppida
259 1261 449 1328 subvertens
470 1264 533 1326 late
555 1277 727 1347 portasque
745 1262 942 1345 refringens.

106 1366 152 1430 At
171 1365 262 1449 prins
284 1366 395 1450 ecquis
416 1380 487 1428 erat
510 1365 550 1427 de
572 1379 619 1429 tot
641 1366 696 1448 qui
717 1365 858 1427 millibus
878 1365 999 1428 hastam

105 1467 284 1550 spargeret
294 1483 345 1529 aut
358 1468 503 1550 clypeum
512 1466 893 1549 adversospraeferretin
901 1465 1034 1528 hostes?

103 1569 203 1631 Macri
227 1569 334 1632 animo
346 1568 490 1630 Hebraei
512 1569 682 1651 proceres!
705 1571 772 1634 Vos
792 1583 925 1651 pectore
948 1583 1014 1631 toto

54 1679 83 1759 ³⁰
104 1672 321 1755 Complector.
335 1675 412 1745 Vos,
429 1673 484 1755 qui
497 1685 611 1755 sponte
623 1671 702 1734 haec
714 1670 899 1734 discrimina
911 1669 1032 1745 adistis,

103 1775 175 1842 Vos
196 1775 359 1837 celebrate
381 1775 496 1835 Deum.
520 1773 585 1870 Qui
606 1787 699 1857 terga
719 1772 851 1835 nitentis
873 1773 963 1834 aselli

104 1875 268 1938 Scanditis
291 1890 324 1938 et
344 1876 433 1960 leges
453 1877 581 1958 populis
603 1873 788 1938 describitis
810 1895 936 1957 aequas,

104 1979 261 2076 Quosque
273 1978 382 2041 ineant
393 1991 503 2061 partae
517 1975 1030 2062 peregrinaperoppidamerces‚

102 2084 175 2144 Nec
193 2083 286 2144 tectis
307 2080 454 2143 residere
475 2081 567 2144 licett
591 2081 715 2143 laudate
737 2085 924 2143 Tonantem.

54 2196 83 2252 85
102 2182 170 2245 Hic
192 2185 249 2246 ubi
271 2183 428 2246 confracti
449 2203 564 2246 currus
586 2190 734 2268 vastaque
758 2184 918 2267 perempti

103 2284 211 2349 Caede
232 2286 337 2349 iacent
356 2288 477 2361 hostes,
499 2287 631 2348 Domini
653 2287 780 2348 sincera
801 2303 931 2350 canatur

102 2388 227 2452 lustitia
248 2389 346 2473 inque
369 2411 457 2451 snam
478 2387 584 2450 facilis
606 2389 775 2452 elementia
796 2405 934 2472 gentem.

102 2494 170 2555 Per
182 2513 275 2576 qnam
286 2493 403 2553 iterum
414 2493 505 2574 leges
521 2489 731 2574 redivivaque
751 2491 823 2555 iura
839 2491 1031 2577 frequentes

104 2596 173 2656 Ceu
194 2592 354 2679 qnondam
373 2594 413 2655 ad
430 2608 539 2677 portas
559 2594 647 2658 videt
671 2595 873 2679 imperioque
895 2596 1027 2677 potitur.

55 2713 87 2767 oo
147 2697 250 2782 Surge
263 2696 408 2780 agedum,
429 2696 571 2770 Dehora‚
591 2710 623 2757 et
641 2695 727 2757 dulci
739 2695 903 2759 modulare
921 2696 1031 2760 trium·

105 2794 266 2865 Carmine.
288 2805 401 2887 Tuque
414 2823 434 2863 o
445 2799 613 2885 Nephtalia
623 2799 663 2862 de
676 2800 776 2882 stirpe
789 2803 910 2862 Baracc
934 2799 1030 2883 [phos

101 2898 208 2987 Surge
225 2902 377 2987 agednm3
400 2902 523 2986 captiva
535 2902 665 2964 trahens
677 2901 922 2985 tecumagmina
933 2902 1031 2984 longo

102 3005 241 3071 Ordine.
263 3005 441 3090 Belliquias
462 3004 576 3088 populi
598 3018 751 3088 regnator
775 3003 904 3086 Olympi

171 3235 208 3292 V.
228 3239 286 3292 274.
304 3231 485 3307 Lepidothis,
504 3250 532 3287 v.
551 3231 614 3285 Act.
633 3235 655 3302 l,
674 3238 733 3289 117.

170 3341 209 3394 V.
229 3343 288 3395 277.
308 3336 434 3392 Indicari
459 3335 577 3390 videtur
601 3334 662 3390 lud.
687 3343 713 3401 5,
733 3341 758 3392 8.
784 3348 883 3390 omncs
908 3331 1032 3391 ludaeos

98 3443 119 3480 a
136 3423 239 3480 lebino
258 3440 328 3498 rege
347 3423 433 3478 armis
450 3422 540 3478 fuisse
559 3422 705 3494 spoliatos.

171 3531 209 3585 V.
232 3535 291 3586 289.
311 3527 364 3586 sd
386 3538 515 3600 portas
546 3526 565 3584 i.
591 3543 615 3580 e.
641 3525 797 3591 civitatum,
823 3522 874 3578 ubi
892 3522 937 3580 ius
955 3523 1028 3580 dice-

97 3618 200 3675 batur.
797 3701 818 3768 5
