2356 4282
460 396 729 459 Sornomrtrss.

83 572 114 623 15
135 567 223 629 Sicut
244 564 443 649 propinquas
462 564 574 629 arietis
594 563 703 626 stelias
724 576 812 627 tenet

133 670 308 751 Inscriptus
331 671 489 730 Hammon
512 667 651 729 Mesoris
674 665 796 751 antiqui
819 680 921 749 pater.

131 776 194 836 los.
217 775 254 833 In
273 793 323 832 me
345 785 391 834 tot
414 785 506 855 atque
528 784 612 834 tanta
635 770 798 854 congessit
818 783 880 844 tua,

133 881 204 937 Rex
225 895 351 957 magne,
374 873 510 949 bonitas,
536 887 569 935 ut
591 872 692 956 magis
715 871 801 933 demi
822 871 920 935 velim

134 979 237 1072 Quam
259 976 384 1058 pondus
406 976 488 1038 addi.
535 978 599 1038 Cur
622 974 725 1036 adhuc
749 973 872 1056 aliquid
893 987 998 1036 tamen

81 1089 116 1140 20
135 1082 237 1162 Cogar
258 1078 396 1161 precari,
423 1100 532 1140 caussa
555 1093 627 1139 sunt
648 1077 766 1138 fratres
788 1076 865 1150 mei,

132 1184 182 1254 Et,
209 1201 303 1264 quem
326 1181 440 1244 relicto
462 1179 525 1242 fine
548 1181 674 1242 telluris
698 1181 796 1259 Syrae

132 1284 250 1364 Optem
270 1283 334 1344 buc
350 1282 463 1344 venire
479 1282 641 1344 ¹iratribus
666 1282 826 1353 comitem,
853 1292 954 1362 pater.

132 1385 265 1468 Agitare
288 1384 432 1466 pecudes
456 1386 577 1466 patrius
600 1399 648 1446 est
671 1383 736 1443 illis
758 1383 861 1443 labor.

132 1490 202 1548 Non
225 1488 339 1569 procul
362 1487 400 1548 ab
423 1490 506 1548 urbe
532 1486 584 1548 cui
606 1508 697 1547 suum
718 1506 836 1547 nomon
861 1498 949 1546 sator

79 1605 111 1655 25
132 1589 231 1650 Dedit
253 1589 331 1662 dici,
354 1590 435 1650 laeto
458 1589 657 1670 graminibus
680 1588 763 1649 iacet

134 1692 249 1774 Regio,
275 1693 448 1775 virensque
470 1691 586 1772 pabulo
606 1712 735 1772 semper
756 1711 857 1757 novo:

135 1796 260 1857 Gosena
283 1795 423 1858 vocitant
446 1795 572 1857 accolae
594 1794 729 1856 Pelusii.

132 1899 223 1958 Haec
245 1911 309 1959 tota
330 1897 430 1980 periit
451 1898 562 1958 usibus
584 1897 763 1958 mortalium

133 2003 205 2059 Huc
227 2021 328 2082 usque
349 2001 454 2075 tellus,
478 2000 553 2061 inde
577 1999 662 2083 quod
681 2001 793 2084 populi
814 2003 860 2063 tui

83 2105 116 2156 30
134 2101 314 2181 Displicent
337 2103 450 2163 animis
473 2123 548 2166 cura
570 2103 720 2166 versandi
741 2105 861 2188 gregis.

133 2207 223 2263 Haec
245 2225 341 2265 vacua
366 2219 476 2267 nostro
496 2220 585 2289 prata
608 2207 634 2266 si
658 2207 771 2289 generi
795 2207 895 2281 dabis,

133 2305 291 2368 Promitte
314 2305 346 2367 id
371 2307 450 2388 ipsis
473 2309 552 2369 utile
576 2327 611 2368 ac
635 2307 763 2370 Phariis
785 2307 868 2369 fore.

134 2411 263 2492 lamque
287 2430 363 2473 cccc
386 2412 486 2492 ipsos,
513 2409 599 2492 quod
623 2430 684 2492 ego
706 2423 737 2471 tc
760 2411 871 2475 verbis
895 2433 988 2497 rogo,

136 2514 235 2573 Gestu
258 2528 419 2595 rogantes,
448 2533 585 2593 corpora
608 2511 759 2574 instratos
783 2514 862 2576 solo.

82 2629 114 2680 35
133 2616 204 2675 Iud.
230 2615 323 2679 Vivat
342 2615 455 2676 beatus
478 2613 626 2676 dominus
649 2614 817 2696 opulentae
840 2617 949 2680 Phari.

133 2719 233 2778 Pltor.
258 2716 407 2797 Surgite:
432 2715 590 2778 dabuntur
611 2716 741 2778 herbidi
761 2718 854 2780 sedes
877 2721 958 2800 soli;

134 2824 176 2880 Et
200 2820 255 2903 qui
276 2835 453 2903 parentem,
478 2821 533 2903 qui
556 2820 683 2882 domum
705 2835 803 2884 totam
827 2825 945 2889 vehant

136 2925 256 2984 Currus
280 2922 499 3006 quadriiuges,
523 2944 668 3006 quosque
693 2923 755 2986 iter
777 2927 884 3007 poscit
906 2928 1008 3005 cibos,

135 3024 289 3119 Quaeque
313 3026 430 3107 optima
454 3025 521 3087 edit
540 3027 691 3089 arborum
712 3042 805 3111 partu
824 3029 914 3092 ferax

84 3144 118 3196 4ο
136 3128 259 3190 Niliaca
282 3129 387 3202 tellus,
415 3127 497 3189 dona
519 3127 676 3212 longaevo
700 3130 781 3190 seni.

134 3235 196 3294 Ios.
217 3235 333 3292 Patere
354 3230 415 3292 hoc
437 3244 470 3292 ut
492 3230 614 3293 addam.
639 3232 778 3295 Liberos
792 3231 939 3298 homines
958 3237 1060 3316 vides,

136 3335 201 3429 Qui
223 3349 335 3417 sponte
358 3333 489 3396 veniunt
511 3333 544 3394 in
567 3347 757 3415 potestatem
778 3349 872 3402 tuam.

135 3441 183 3497 Ne
209 3458 299 3499 sacra
319 3439 465 3519 patribus
488 3435 603 3498 tradita
626 3451 657 3499 ct
678 3437 809 3521 generis
832 3440 881 3501 sui

134 3542 258 3601 Mutare
281 3543 372 3617 ritus,
399 3544 494 3627 longa
516 3563 596 3626 quos
619 3557 705 3605 aetas
723 3540 849 3625 probat,

807 3644 845 3712 16
