2356 4282
385 455 550 521 Cumanus
571 454 726 521 Pennus.
990 450 1052 522 161

127 607 286 715 Quaestue
309 622 430 691 eacnnto
452 649 528 713 gaza
549 626 717 691 Corbonae
740 624 820 689 einu.
926 624 929 629 ’

126 729 201 791 lud.
220 731 297 790 Hoc
313 728 362 791 fas
385 745 418 793 et
438 752 573 816 aequum
595 747 703 795 vestra
725 732 753 791 si
774 730 876 813 pietus
899 729 1003 809 docet,

127 829 273 892 Probare
295 829 428 908 facinus,
455 833 600 894 execrari
621 833 808 915 praemium,

127 930 186 994 lbo
209 932 264 995 ibo
288 932 329 996 ad
349 956 430 1010 aras,
456 949 488 996 et
510 934 650 997 nefando
670 955 803 997 munere

80 1041 108 1094 30
127 1036 293 1118 Templum
315 1035 458 1120 impiabo
469 1058 480 1117 ;
503 1038 550 1098 nil
572 1037 620 1099 ibi
641 1037 771 1100 frustra.
795 1037 899 1099 Deum

126 1140 193 1200 Pro
215 1159 264 1200 rne
283 1137 462 1220 precabor:
485 1160 545 1203 vos
568 1139 625 1201 sed
646 1154 680 1201 ut
701 1139 909 1222 culpa'parce

127 1242 191 1300 Per
212 1260 315 1321 poena
338 1255 462 1322 teneat3
489 1240 597 1303 debita
617 1240 701 1303 haud
722 1242 805 1303 ultra
827 1261 938 1303 moror

130 1342 308 1424 Supplicia:
333 1342 423 1406 dirae
446 1344 558 1406 mortis
579 1342 620 1405 ad
640 1344 752 1427 nigros
775 1364 890 1427 specus

129 1443 203 1504 Dux
225 1444 280 1506 ille
304 1460 413 1508 vester
434 1466 563 1528 praeeo,
586 1466 644 1508 vos
666 1467 801 1530 acquum
824 1459 872 1507 cst
894 1444 997 1531 sequi.

80 1555 110 1608 35
130 1545 221 1607 Coeli
243 1547 427 1629 imperator,
454 1548 482 1608 si
504 1568 564 1609 nec
587 1548 720 1631 ignavus
742 1547 834 1612 vides

129 1650 285 1722 Humana,
306 1669 368 1710 nec
390 1663 422 1710 te
444 1649 577 1710 fulmine
601 1663 752 1711 armatum
771 1650 855 1711 truci

130 1753 267 1812 Frustca'
282 1751 441 1822 timemus,
463 1766 549 1812 terna
572 1750 650 1835 quid
672 1751 788 1820 metuit
808 1766 868 1824 tue,

131 1853 227 1952 Quod
251 1855 311 1916 tale
334 1869 510 1916 monstrum
532 1869 647 1938 portat,
674 1869 725 1916 aut
748 1853 812 1926 Sol,
839 1851 926 1937 q'uod
947 1851 1058 1916 videt?

132 1958 167 2018 si
190 1971 298 2018 vetera
322 1954 413 2017 credi
435 1977 553 2038 genera
575 1978 749 2038 poenarum
774 1955 876 2032 iubes,

80 2064 112 2116 40
131 2056 275 2120 Accedat
295 2079 392 2118 unum
403 2078 414 2135 3
437 2058 525 2118 littus
549 2058 688 2140 eripiant
709 2059 789 2118 mihi

131 2159 281 2221 Demissa
301 2160 392 2221 coelo
416 2159 531 2220 maria:
555 2180 607 2220 me
631 2157 746 2221 fluctus
765 2174 922 2243 premant,

131 2262 173 2323 Et
192 2259 247 2323 fiet
267 2261 408 2323 hominis
428 2282 533 2344 poena
555 2283 636 2345 quae
659 2261 769 2323 mundi
792 2262 863 2324 suit.

131 2363 320 2446 Liquefacta
342 2362 450 2426 tacdae
473 2378 556 2426 astra
581 2365 771 2447 sulphureas
796 2367 931 2439 vomant,

133 2466 356 2562 Quantumque
381 2467 472 2529 coelo
494 2480 542 2527 est
563 2467 658 2549 ignis,
682 2467 744 2528 hoc
766 2488 827 2528 una
850 2479 943 2549 caput

80 2575 112 2627 45
132 2569 243 2630 Feriat
262 2570 354 2631 ruina
362 2589 371 2647 3
395 2569 536 2653 quinque
558 2591 620 2631 non
643 2583 761 2631 tantum
783 2567 874 2632 nefas

134 2673 259 2734 Fecere
281 2672 393 2755 populi
401 2693 412 2753 3
436 2671 552 2755 pandat
574 2693 705 2734 arcanos
727 2673 826 2746 sinus,

132 2775 174 2834 Et
195 2771 378 2837 inferorum
401 2777 534 2836 claustra
557 2795 703 2858 magnum
727 2773 841 2836 iustius

115 2875 204 2956 7Ncn
224 2877 289 2938 ulta
311 2866 435 2938 Moeem
456 2891 553 2939 terna.
581 2879 644 2937 Iam
668 2874 822 2960 quicquid
841 2873 915 2936 mali
937 2888 994 2952 est,

135 2979 225 3039 Tuus
248 2979 283 3040 in
303 2979 428 3041 minora
451 2980 574 3041 scelera
596 2979 770 3041 consumsit
790 2977 893 3042 furor.
915 3037 921 3048 ,

82 3089 116 3143 50
133 3081 170 3140 ln
193 3079 385 3145 vindicando
408 3078 475 3142 filio
498 3082 602 3143 lentus
622 3096 722 3164 pater,

132 3257 339 3271 —ss-

149 3396 152 3403 r
204 3365 240 3418 V.
254 3367 295 3420 20.
309 3360 447 3419 Corhona
459 3361 477 3415 i.
493 3370 521 3445 q.
535 3351 673 3428 oblatum,
686 3359 800 3415 donum.
821 3359 865 3415 cf.
878 3359 967 3415 Marc.
981 3366 1007 3426 7,
1023 3367 1063 3420 11.

136 3449 238 3505 Matth.
250 3457 294 3518 27,
310 3454 335 3505 6.

205 3574 239 3630 V.
259 3577 302 3630 45.
324 3570 459 3651 Quinque
477 3568 587 3646 populi,
607 3568 644 3626 cf.
665 3521 735 3627 Gen.
756 3577 798 3639 14,
817 3576 842 3628 2.

768 3675 806 3746 11
