2356 4282
136 408 198 479 18³1
435 446 441 461 0
517 403 656 467 -ssirorrr

152 585 185 639 10
205 573 271 639 Sed
294 574 477 638 Abrahami.
504 575 590 640 vera
612 572 684 659 quis
705 584 799 636 senta
820 572 966 656 ethicct

204 677 417 743 Oreculorum
439 691 471 738 et
491 677 576 760 Iegis
597 698 615 738 c
638 677 729 739 coelo
750 675 863 750 datam.

204 781 308 868 Quem
329 793 436 841 mente
459 791 523 840 tota
544 778 647 840 maior
668 777 932 860 inspiret'Deus‚

203 881 285 978 Quis
306 879 368 941 dux
390 900 551 962 perennes
576 880 697 942 certior
719 892 878 942 monstret
897 877 1027 954 domos,

200 984 322 1046 Pilatus
346 984 405 1043 ista
425 981 538 1043 curat?
558 1004 598 1042 au
619 983 711 1044 Latio
732 981 901 1044 innocens-

152 1100 183 1153 15
204 1087 270 1147 Sub
294 1097 375 1145 teste
400 1082 539 1145 cecidit?
561 1083 706 1144 criminis
727 1082 801 1144 falsi
823 1081 942 1144 artifex

201 1188 314 1249 Italum
338 1197 474 1259 senatus,
501 1206 541 1246 an
563 1184 765 1247 sacerdotum
785 1183 870 1246 fuit?

201 1287 325 1350 Iudicio
348 1286 465 1349 iniero
486 1288 657 1349 Caesarine
675 1309 716 1348 au
738 1286 896 1371 Ceiepbee

202 1388 468 1470 Obtemperetum
491 1387 561 1450 est?
581 1387 760 1450 transferes
782 1389 908 1470 cuipam
929 1387 1019 1460 licre

202 1490 317 1554 Iudaea
339 1504 427 1552 certe
450 1488 549 1553 corda
571 1504 603 1552 et
625 1510 692 1564 ora,
715 1488 801 1550 oculi
821 1508 964 1571 quoque,

150 1604 184 1658 20
201 1592 424 1656 Homicidium
443 1591 573 1654 fecere:
596 1589 683 1674 quod
705 1604 852 1673 superest
869 1589 976 1663 nefas,

201 1699 275 1757 Hoc
297 1709 346 1757 est
367 1693 539 1787 Quiritum.
566 1693 670 1787 Quam
691 1691 776 1754 bene
799 1691 963 1753 Hebraeis
985 1695 1077 1755 Deus

202 1795 350 1859 Manibus
372 1793 539 1878 pepercit!
560 1795 623 1856 boe
645 1815 772 1878 quoque
796 1795 873 1856 Italo
897 1793 994 1857 militi

199 1897 322 1960 Invidit
344 1897 470 1981 aliquis,
492 1911 526 1960 et
546 1897 652 1959 scelus
672 1897 779 1957 mallet
803 1917 903 1957 suum.

201 1999 334 2063 Servire
359 1997 461 2060 adhuc
483 2018 544 2059 nos
566 1995 757 2082 querimur?
785 2018 827 2059 en
847 1996 980 2060 caedem
1001 1997 1129 2082 impiam

148 2117 180 2170 25
198 2105 332 2183 Impune
354 2100 445 2162 licuit
468 2099 596 2178 Iacere3
623 2097 727 2182 quid?
744 2097 866 2175 secere,
889 2100 1029 2184 inquio?

196 2202 304 2265 Licuit
326 2200 452 2262 iubere.
496 2203 561 2263 Ios.
582 2199 771 2276 Nicodemum
792 2201 865 2263 unis
888 2222 950 2286 ego

197 2306 355 2367 Devoveo
378 2300 458 2362 diris
483 2302 560 2363 Iliae
583 2315 614 2362 et
638 2296 735 2363 Sarae
757 2323 869 2386 genus.

196 2409 337 2468 Pereent
361 2405 498 2487 utrique.
523 2408 603 2466 Tem
625 2401 688 2463 diu'
703 2403 780 2487 quid
801 2403 934 2467 fulmina

197 2509 329 2570 Cessent
350 2520 382 2568 et
402 2494 509 2566 imber
531 2505 642 2589 piceus
664 2519 698 2566 et
719 2525 805 2566 mare
825 2504 1005 2587 pestilens?

144 2626 179 2678 30
197 2604 446 2701 Quid480doma
469 2618 590 2667 tantum
610 2604 749 2666 meruit?
768 2604 862 2697 Haud
883 2606 967 2668 ultra
989 2608 1039 2671 tui

195 2715 260 2781 Me,
286 2707 400 2790 patrie,
423 2706 565 2768 miseret.
591 2707 724 2768 Saevior
739 2705 941 2791 Babylonie

194 2811 332 2878 Victore
354 2807 459 2870 virtor
480 2807 598 2883 veniat,
625 2821 656 2869 et
678 2809 789 2869 cestris
809 2823 936 2890 premat

194 2913 320 2975 Urbem
341 2923 523 2989 cruentem3
549 2909 635 2970 bella
658 2910 685 2969 si
706 2932 771 2971 non
794 2925 867 2973 suut
887 2911 975 2990 setis,

193 3010 368 3076 Foecunda
387 3009 519 3073 morbos
542 3009 820 3073 seminet-morbis
840 3010 920 3088 lues,
945 2992 948 2999 Ι

143 3130 176 3184 35
194 3119 346 3198 Interque
369 3112 481 3175 demna
503 3126 626 3175 crescat
634 3134 644 3190 3
665 3111 795 3173 accedat
815 3108 936 3199 fames3

187 3215 308 3278 ¹Nullos
331 3228 461 3276 recuset
481 3214 640 3296 impotens
661 3212 779 3275 rabies·
792 3210 902 3276 cibos:

154 3386 156 3391 ,
195 3317 293 3379 Cunis
316 3315 350 3377 in
373 3314 453 3397 ipsis
477 3316 608 3399 vegieus
630 3313 755 3377 ferrum
777 3318 911 3378 tremat'

193 3417 302 3481 Infans
322 3432 506 3500 paternum:
530 3415 643 3479 redeat
664 3417 697 3476 in
719 3404 851 3480 matrem
869 3437 977 3499 puer.—

193 3518 280 3578 Dum
303 3516 515 3582 verberantur
537 3517 665 3580 moenia
684 3517 815 3583 incussu
828 3518 940 3602 gravi,
986 3566 992 3592 2
1019 3564 1022 3575 .
