2356 4282
152 440 194 510 90
515 447 727 508 Metanastai
779 402 783 411 ⁸

222 613 283 682 Vel
304 613 391 676 inter
412 635 507 691 arma,
532 615 657 700 iamque
679 614 825 678 libratam
845 630 973 677 manem

222 718 388 778 Revocare
410 715 448 777 ab
472 718 547 792 ictu,
570 737 642 779 eum
665 716 740 780 tuba
760 730 926 800 receptum
949 717 1052 780 canitt

225 819 292 878 Per
313 817 392 880 iacta
415 819 534 901 passim
558 819 670 901 spolia,
691 839 752 901 per
774 816 861 880 fusas
883 838 964 902 opes

223 923 357 982 Hostem
381 920 536 984 irretorte
556 923 675 985 lumine
696 922 842 1005 fugacem
865 922 966 1005 aequi,

156 1032 204 1085 115
223 1024 295 1084 Hoc
317 1022 454 1085 militare
476 1037 533 1085 est.
581 1026 670 1085 Nunc
694 1038 725 1086 et
745 1025 808 1086 hoc
829 1037 975 1086 nostrum
998 1045 1083 1100 reor,

221 1125 395 1209 Dispicere
418 1127 535 1187 vestris
557 1127 646 1209 paria
671 1147 750 1210 quae
771 1125 897 1189 meritis
922 1140 1044 1211 queant

222 1226 368 1289 Praemia
390 1228 522 1310 reponi:
546 1227 619 1290 farn
641 1249 681 1291 ne
704 1227 810 1289 fraudi
833 1229 917 1290 aient

222 1331 372 1414 Neglecta
396 1330 544 1413 cuiquam
566 1330 677 1413 spolia,
699 1329 773 1391 dum
797 1331 943 1414 sequitur
963 1330 1087 1394 ducem.

224 1431 310 1528 Quid
332 1453 411 1496 vera
434 1433 522 1516 regis
545 1429 668 1496 liberi?
689 1453 729 1494 an
751 1446 852 1494 tutum
874 1432 1009 1494 tenent?

156 1549 206 1602 120
222 1535 310 1596 Nam.
341 1536 404 1595 Iam
426 1549 503 1616 pute
525 1548 691 1597 tenentur:
716 1535 770 1597 vix
786 1536 872 1596 enim
890 1536 1010 1618 exigue
1031 1540 1133 1618 patrea

224 1636 333 1718 Spatia
356 1637 525 1710 anteibant,
547 1651 582 1699 ut
602 1637 732 1722 fugaces
755 1637 899 1720 prodere

224 1738 323 1822 Regis
344 1739 508 1801 ministros
530 1761 617 1801 mors
639 1762 743 1823 prope
766 1740 890 1803 admota
910 1739 1048 1823 impulit.

222 1841 304 1903 Nat.
333 1841 502 1923 Sapienter
524 1841 617 1903 istud.
661 1842 771 1904 Emica
793 1856 931 1904 actutum
953 1842 988 1902 in
1009 1837 1102 1923 perles

224 1945 294 2038 Qua
315 1958 347 2005 te
370 1943 531 2006 antecedit
551 1966 671 2016 rumor,
695 1960 727 2005 et
748 1958 860 2006 nostra
882 1943 972 2004 refer

157 2054 205 2107 125
224 2051 315 2109 Haec
339 2061 426 2110 certa
449 2046 538 2130 regi3
560 2046 726 2109 Reblathis
749 2060 942 2130 quantocyus

225 2150 399 2233 Victosque
421 2148 591 2210 Hebraeos
616 2169 729 2232 meque
754 2149 909 2211 victorem
933 2144 1047 2209 affere.

224 2252 268 2313 At
292 2265 321 2312 at
342 2249 525 2334 propinque
548 2249 679 2312 tremuit
699 2271 860 2311 armerum
883 2268 962 2311 aene

225 2356 385 2415 Concussa
405 2353 516 2415 tellus:
540 2353 673 2414 militem
697 2373 836 2436 agnosce
859 2370 976 2412 meum.

223 2459 293 2517 Rex
316 2473 392 2517 ecce
415 2454 552 2517 trahitur
574 2455 708 2517 vinctus.

494 2696 699 2750 Natuaardan.
735 2697 878 2748 sedectam

599 2849 767 2914 Infandum
789 2866 891 2933 caput,

155 2968 205 3022 130
223 2956 368 3030 Rebelle‚
390 2976 515 3030 vecors,
542 2975 621 3038 erge
644 2953 797 3037 sperabas
817 2973 903 3014 meas

149 3109 151 3112 Α
222 3059 370 3123 Evadere
396 3057 527 3119 manus?
548 3055 700 3118 Siccine?
721 3058 871 3117 incensae
893 3073 987 3120 ruant

223 3165 293 3224 Tua
316 3161 391 3245 igne
416 3161 575 3241 Solymo,
600 3157 746 3221 concidat
767 3159 861 3241 regni
884 3162 994 3234 status,

222 3264 386 3346 Regieque
409 3263 531 3323 scelera
552 3261 688 3342 populus
711 3259 889 3320 immeritus
911 3260 986 3335 luat,

221 3366 306 3426 Dum
328 3380 363 3427 tu
385 3364 540 3426 malarum
562 3362 759 3424 machinator
782 3360 962 3423 facinorum

290 3612 325 3667 v.
349 3615 405 3668 125.
426 3596 548 3663 aetina
568 3608 675 3676 (niara)
695 3607 835 3680 oppidum
852 3606 881 3661 ta
898 3606 1004 3662 finibus
1021 3595 1131 3664 ratam·

156 3703 158 3706 ’
222 3713 274 3751 nae
293 3695 325 3748 in
344 3695 564 3767 septemtriones
582 3693 783 3767 spectantibus.
