2356 4282
99 491 159 557 198
533 494 653 555 Gaorn

162 663 338 742 Longeque
361 659 399 720 ab
421 660 563 722 Arabum
584 681 716 724 nemore
739 659 889 743 fugitivas
913 679 1004 724 aveat

162 761 342 843 Lanamque
366 761 463 822 ramis
486 761 565 823 Sere
589 761 742 844 depexam
764 781 883 835 manus,

114 875 147 927 20
163 861 408 927 Discriminavit
429 861 521 926 docta
543 885 637 947 quam
656 862 800 944 Babylon
822 883 898 942 acu;

163 963 343 1047 Niveasque
365 963 478 1026 baooas
497 965 600 1027 Indici
621 964 740 1027 donum
761 963 869 1039 maris,

164 1064 356 1149 Circumque
378 1066 486 1141 limen,
514 1087 633 1149 corpus
655 1080 687 1128 et
709 1066 840 1141 circum,
867 1067 1001 1151 agmina.

164 1166 244 1227 Sunt
263 1167 323 1227 ista
345 1188 433 1241 vana,
461 1181 494 1228 et
516 1166 678 1229 aerumnis
699 1166 771 1229 leve

162 1268 306 1330 Pretium
328 1266 484 1329 ferendis.
532 1267 661 1331 Grande
682 1287 829 1328 curarum
850 1266 933 1350 tegit

112 1383 145 1434 25
165 1368 256 1432 Onus
277 1368 332 1429 hio
353 1368 467 1429 tiaras:
491 1369 577 1430 inter
599 1389 636 1430 ea
660 1389 741 1452 quae
762 1366 865 1450 regiis

163 1469 309 1532 Parenda
333 1469 421 1543 iussi,
443 1467 633 1552 fulgorem,
658 1468 783 1552 qualem
804 1467 906 1550 exigit

163 1574 308 1633 Persona
331 1571 432 1648 vitae5
455 1570 509 1653 qui
531 1570 651 1631 micans
672 1569 782 1630 oeulos
804 1580 892 1629 tenet

165 1671 363 1755 Animosque
385 1669 507 1753 plebis:
532 1685 605 1732 utor
625 1670 689 1733 hoo
710 1690 781 1753 ego,
808 1690 875 1732 non
896 1667 1001 1730 fruor.

166 1773 292 1872 Quanto
315 1770 435 1836 fluebat
456 1773 520 1835 vita
538 1773 677 1835 liberior
697 1770 788 1847 mihi,

114 1890 148 1944 30
166 1875 242 1936 Cum
265 1873 364 1936 corde
387 1895 485 1936 vacuo
507 1894 663 1958 sequerer
684 1872 817 1936 investis
838 1884 922 1954 puer

165 1974 217 2036 Ab
239 1974 415 2036 abrahami
435 1995 555 2056 pecore
579 1970 752 2036 demissum
773 1992 917 2056 gregem,

165 2076 227 2139 Ubi
247 2076 329 2138 laeta
348 2064 636 2161 Sicimum'pasoua
660 2075 824 2139 attondent
845 2095 932 2148 oves,

165 2181 207 2241 Et
231 2200 361 2241 amoena
383 2180 513 2264 gemino
536 2178 695 2242 clauditur
716 2178 810 2241 tellus
832 2176 919 2261 iugo.

166 2282 291 2363 Cepere
315 2280 443 2353 victum,
466 2302 532 2343 non
554 2280 619 2343 sibi
640 2301 755 2364 magno
776 2278 908 2363 placens
940 2338 943 2343 .

115 2401 147 2452 ³5
164 2381 309 2445 Ambitio
333 2380 479 2458 mensae,'
494 2373 630 2447 floribus
651 2381 710 2443 sed
730 2401 765 2442 se
787 2379 935 2442 inserens

166 2483 379 2567 Mandragora
400 2476 513 2558 dulcis,
539 2497 571 2546 et
592 2482 673 2551 nihil
696 2483 839 2568 quamvis
861 2483 954 2569 gravi

166 2586 307 2650 Onerata
329 2572 559 2666 foetu'palma3
582 2584 724 2675 pellebat
745 2584 840 2659 sitim,
901 2654 905 2659 ⁴

165 2691 236 2751 Non
257 2688 351 2750 rutila
372 2672 608 2767 Meroea'vina,
631 2676 696 2757 non
716 2680 853 2752 Nilotica

167 2792 349 2872 Expressus
369 2782 485 2850 humor
506 2788 602 2874 fruge
625 2811 720 2874 quem
740 2792 868 2872 zythum
890 2809 1023 2856 vocant:

235 3068 271 3120 V.
293 3074 334 3124 19.
371 3066 459 3122 Ser-ea
474 3065 588 3151 (ij‘oo)
605 3068 733 3139 populus
744 3065 827 3121 Atiae
840 3080 1000 3141 extremae,
1017 3067 1089 3125 unda

166 3161 259 3204 vestes
270 3150 397 3205 Sericao.
415 3151 479 3204 Aeu
494 3151 631 3223 pingendi
647 3162 709 3207 arte
727 3152 846 3225 insignis
861 3153 1005 3227 Babylon.
1025 3158 1091 3211 Bao·

168 3251 217 3295 <tae
229 3235 254 3291 ii.
265 3253 304 3308 ·q.
312 3237 502 3308 margaritae.

234 3339 273 3393 V.
289 3343 330 3394 ³2.
351 3337 490 3393 Sicimum
504 3344 532 3406 (a
543 3341 649 3404 Σίκιμα
659 3339 782 3396 Sioheml
794 3339 812 3391 i.
826 3357 850 3395 e.
863 3341 1093 3399 sichemitarum.

235 3441 270 3490 V.
290 3444 331 3494 36.
351 3439 545 3512 Mandragora
564 3441 777 3511 (μανδραγόρας)
796 3459 833 3494 m.
852 3444 951 3514 planta
970 3446 1093 3505 ineerta.

165 3518 213 3574 (tt.
233 3524 302 3577 Gen.
320 3530 366 3589 ω,
387 3531 425 3579 tr.

236 3619 269 3672 Vi
290 3625 331 3677 39.
350 3621 841 3694 Zytbus(RoSot)eerevisiaegenus.
863 3614 1037 3692 (litteral,
1055 3633 1094 3683 77.
