2356 4282
99 457 160 525 150
235 488 240 498 ·
495 456 618 519 Gnorn

166 630 269 689 lurata
290 640 389 689 testes
409 627 574 689 venditant
595 625 771 700 mendiaca‚

166 730 285 791 Audite
308 729 443 791 facinus.
466 732 571 793 Gente
591 730 733 791 Galilaea
756 744 842 792 satus

167 837 285 893 Terras
306 832 425 916 reliqui
448 833 622 916 mariaque,
648 847 683 894 ut
704 835 810 894 Iesum
834 855 962 919 sequar.

165 934 280 996 Proles
302 934 455 995 Tonantis
478 954 554 995 vera
577 954 631 995 res
652 935 834 995 mortalium

115 1043 147 1094 25
166 1039 293 1098 Haeres
313 1050 449 1117 paterno
472 1036 588 1097 missus
611 1035 749 1118 imperio
772 1039 868 1122 regit,

167 1138 332 1222 Adestque
355 1139 444 1200 caelo
466 1139 624 1203 liberator
645 1140 767 1222 patriae

167 1240 316 1324 Captivos
340 1240 394 1301 ille
417 1254 535 1314 vester,
557 1255 590 1302 et
612 1241 733 1324 sceptri
755 1257 884 1326 potens,

167 1343 271 1438 Quem
290 1342 472 1422 iudicastis3
497 1343 629 1426 impium
651 1365 789 1429 agnosco
812 1367 923 1430 genus,

166 1448 333 1528 Ferosque
357 1466 464 1506 mores
487 1445 596 1529 stirpis
617 1460 650 1508 et
670 1468 807 1529 proavos
829 1462 946 1512 truces.

116 1548 149 1600 3⁰
168 1549 222 1609 Sic
243 1546 399 1630 providae
421 1547 538 1630 quietis
558 1561 591 1610 et
612 1545 670 1609 fati
690 1570 766 1610 reus

165 1649 385 1733 Benignioris‚
410 1649 523 1732 impias
546 1648 681 1711 fratrum
707 1673 828 1725 manus,

167 1753 210 1814 Et
232 1751 302 1813 dira
323 1751 458 1833 pavidus
480 1773 537 1814 ora
558 1752 704 1835 respexit
725 1775 816 1836 Puer,

167 1853 232 1946 Qui
254 1875 328 1916 mox
348 1855 475 1916 vocanti
495 1855 593 1917 Nilon
616 1854 783 1939 impositus
807 1858 877 1920 solo

166 1955 318 2038 Utrisque
340 1976 464 2020 saevam
486 1956 610 2041 depulit
630 1958 729 2019 terris
751 1957 879 2021 famem.

116 2061 148 2114 ³5
168 2059 222 2119 Sic
244 2058 331 2140 lapsa
353 2059 391 2119 ab
415 2058 509 2120 astris
534 2060 627 2120 mella
648 2075 681 2122 et
700 2060 858 2122 aetherias
880 2061 978 2148 dapes

166 2166 316 2224 Pertaesa
337 2159 407 2227 fixis
429 2183 509 2244 rupe
532 2162 645 2225 Sinaea
664 2178 791 2246 patrum

167 2264 290 2326 Seditio
312 2265 424 2328 castris
446 2264 597 2349 praetulit
618 2266 701 2327 Mosi
723 2266 862 2329 Pharum

166 2371 208 2429 Et
229 2367 436 2447 servitutem3
461 2390 557 2430 nemo
580 2382 669 2429 vates
691 2367 808 2430 entheo

166 2474 297 2553 Impune
319 2492 380 2554 per
403 2492 459 2536 vos
484 2469 583 2534 corde
608 2471 757 2554 concepit
780 2472 905 2534 Deum:

114 2577 147 2628 lo
168 2573 232 2635 Sed
254 2595 348 2635 nemo
371 2572 501 2634 inultus.
526 2572 698 2654 Memphis,
722 2589 754 2635 et
775 2574 884 2637 rabies
905 2576 986 2640 locis

165 2674 286 2737 Inclusa
309 2675 416 2748 vastis,
438 2675 535 2759 inque
558 2696 593 2736 se
616 2689 752 2736 armatae
775 2675 879 2738 tribus

164 2777 256 2839 Adeo
279 2776 484 2856 exciderunt3
510 2799 584 2838 mox
606 2777 774 2862 peregrini
797 2777 866 2863 iugi

164 2884 283 2940 Mutata
303 2878 399 2940 toties
421 2878 501 2952 iura,
525 2893 558 2940 et
577 2879 728 2960 Assyriae
752 2878 874 2954 domus,

164 2981 365 3065 Aquilaeque
387 2981 506 3064 Magni,
529 2996 619 3064 rupta
641 3003 712 3044 cum
732 2982 843 3064 templi
866 3003 966 3057 sacra,

114 3091 146 3144 ts
164 3085 334 3168 Mediaque
354 3085 460 3148 victor
483 3084 562 3147 aede
584 3090 745 3147 Romanus
770 3085 867 3147 stetit.

163 3187 281 3250 Peiora
303 3201 442 3267 restant;
466 3187 546 3249 haec
566 3187 748 3249 ministerio
771 3210 882 3250 manus

163 3291 292 3354 Utinam
314 3290 472 3373 plaeeret3
496 3304 625 3353 vertere
648 3287 761 3356 infidas
783 3289 864 3354 libet

229 3541 263 3594 V·
282 3544 324 3594 37.
343 3537 493 3592 Pharum
510 3553 566 3608 pro
585 3537 755 3609 Aegyptum.
773 3535 817 3592 Cl.
836 3535 892 3591 Sis.
912 3536 978 3593 Aet.
998 3539 1065 3605 1,8.

229 3626 263 3682 V·
283 3630 325 3682 40.
344 3625 488 3697 Memphis
505 3622 576 3679 urbs
593 3623 672 3697 regia
689 3622 813 3696 Aegypti
831 3621 996 3679 inser-ioris.
