2356 4282
406 451 568 514 Crateros
587 454 743 521 Parmae.
974 455 1032 524 181

112 617 278 679 Fraternis
300 617 398 681 hodie
420 619 542 683 visibus
565 619 708 702 obstitit3

112 719 202 815 Quae
224 718 341 784 furtiva
360 723 475 803 procul
497 721 616 785 lumina
638 725 793 809 colligens

110 820 213 883 Pleno
234 821 363 884 circuiit
380 843 501 885 cornua
523 823 655 889 circulo.

113 921 162 982 An
184 936 308 1003 captum
328 925 453 1007 magico
475 925 615 988 carmine
639 925 811 990 Thessalae

42 1030 96 1082 320
114 1025 161 1083 Te
182 1022 315 1087 vinxere
336 1025 460 1088 nurus?
483 1027 554 1110 quis
575 1027 742 1092 Phaethon
764 1050 867 1095 novus

113 1123 238 1205 Ignaris
260 1125 404 1189 manibus
427 1127 521 1191 frena
542 1151 660 1213 regens
680 1150 782 1214 equos

111 1224 188 1307 Egit
209 1224 366 1309 signifero
388 1230 514 1292 tramite
535 1229 672 1296 devios?

112 1325 210 1423 Quod
231 1325 348 1390 factum
370 1329 474 1394 scelus
495 1345 553 1407 est,
579 1353 642 1416 quo
663 1333 782 1395 meruit
802 1333 888 1397 diem

111 1427 261 1491 Nondum
282 1445 376 1494 nocte
398 1431 467 1496 data
488 1433 629 1514 perdere
653 1434 837 1497 saeculum?

41 1542 93 1594 ³25
111 1532 152 1592 Ut
172 1551 243 1592 cum
263 1531 445 1596 visceribus
466 1534 590 1596 viscera
611 1533 767 1610 condidit,

111 1634 320 1718 Implevitque
342 1635 407 1697 suis
428 1635 620 1719 pignoribus
640 1651 764 1718 patrem

111 1738 215 1799 Ieiuni
238 1739 366 1800 soboles
389 1736 490 1799 effera
512 1737 655 1800 Tantali:

111 1840 176 1899 Aut
196 1858 268 1899 cum
291 1837 453 1900 sacrificae
477 1835 561 1898 filius
583 1839 672 1912 lliae,

112 1944 287 2001 Terrarum
304 1938 431 2009 ‚domini
452 1939 601 2003 conditor
622 1940 750 2023 imperi,

39 2054 92 2106 ³30
111 2043 189 2102 Cum
211 2041 273 2103 vita
294 2042 417 2124 pariter
436 2041 552 2104 sunere
573 2041 726 2125 perdidit,

111 2143 244 2204 Divisus
265 2144 373 2205 lacero
396 2162 535 2225 corpore
558 2143 690 2205 centies.

110 2245 162 2306 An
184 2245 385 2327 praescripta
406 2245 482 2326 polo
504 2258 648 2325 tempora
667 2241 753 2305 finiit

109 2345 227 2408 Natalis
251 2366 401 2428 superum
422 2345 477 2429 qui
499 2344 604 2408 fuerat
627 2344 709 2419 dies,

108 2448 150 2508 Et
171 2469 235 2531 quo
255 2461 339 2509 stare
360 2447 460 2529 prius»
475 2446 638 2508 desierant
659 2446 731 2508 loco

39 2566 90 2620 335
110 2550 197 2610 Hinc
218 2570 302 2610 nunc
324 2564 409 2613 astra
430 2561 548 2630 negant
570 2567 704 2611 currere
724 2543 875 2630 longius?

110 2654 200 2750 Quae
222 2665 333 2714 natura
356 2650 403 2712 tui
423 2670 529 2732 poena
549 2649 658 2732 placet
679 2647 764 2713 tibi?

109 2757 183 2847 Quo
206 2756 306 2816 moles
329 2754 451 2836 rapitur
473 2751 580 2815 tanta?
603 2752 675 2836 quis
698 2750 823 2813 exitus?

111 2857 175 2919 Seu
200 2870 303 2918 terras
324 2856 440 2918 iterum
462 2851 613 2917 fluctibus
635 2853 758 2928 obruis,

111 2961 175 3020 Seu
197 2956 334 3019 flammis
358 2956 487 3019 dabitur
508 2969 593 3017 vasta
613 2954 754 3028 licentia,

177 3204 213 3258 V.
234 3207 292 3259 ³27.
311 3201 357 3256 Sc.
382 3201 500 3267 Atreus,
526 3200 576 3274 qui
594 3198 711 3272 Thyesti
734 3199 821 3254 fratri
847 3216 901 3254 suo
920 3208 1034 3254 coctum

108 3287 243 3363 apposuit
259 3287 359 3343 filium.

177 3392 213 3448 V·
231 3390 381 3464 munile.
392 3391 410 3444 i.
427 3407 451 3444 e.
463 3390 559 3444 Rheae
577 3388 677 3443 matris
687 3386 818 3460 Romuli,
833 3387 884 3462 qui
902 3392 918 3442 'a
935 3396 1036 3442 senatu

110 3487 224 3532 centum
241 3477 382 3539 virorum,
402 3493 490 3551 quem
510 3475 682 3547 instituerat,
703 3492 770 3530 cum
785 3473 918 3530 acerbius
935 3489 1036 3548 regna·

68 3632 71 3637 Ι
109 3575 167 3641 ret,
181 3565 216 3621 in
233 3565 356 3631 coneilio
374 3576 416 3621 est
434 3555 611 3637 discerptus.'
686 3558 689 3564 '
824 3562 828 3567 '
852 3562 854 3568 '
