2356 4282
480 455 650 521 Sunncms.
968 453 1029 523 109

53 625 83 680 3⁰
144 627 277 708 Impune
299 638 333 688 ut
355 624 479 701 abeant,
501 646 562 688 nec
583 622 663 688 mihi
681 622 813 691 meritas
833 624 920 687 luunt

99 729 228 790 Poenas
250 727 409 812 Apellae?
430 729 516 791 nulla
538 744 602 791 tam
624 727 811 790 indecorem
831 725 901 796 dies

100 829 257 913 Arguerit
277 851 435 914 umquam,
460 844 587 915 tamque
609 851 674 894 non
695 849 871 892 memorem
888 829 964 895 mei.

99 937 191 995 Bene
221 947 287 996 est:
309 935 441 1017 petebat
461 935 578 998 liberis
598 933 690 1018 parci
713 933 796 996 suis:

99 1038 199 1099 Pater
220 1035 274 1099 hic
295 1051 440 1117 tenetur3
464 1059 525 1122 qua
547 1037 646 1112 dolet,
667 1036 792 1099 ferrum
813 1035 948 1119 exigam.

53 1141 83 1195 35
100 1138 250 1201 Parentis
271 1139 381 1203 oculos
401 1155 507 1203 morte
529 1139 673 1203 funestet
696 1162 751 1202 sua

100 1240 206 1304 Invisa
230 1242 369 1306 soboles.
416 1245 575 1306 Numerus
594 1257 747 1325 angustus
768 1261 841 1303 meo

102 1347 188 1406 Tres
210 1357 283 1405 sunt
304 1342 420 1419 furori,
442 1344 566 1408 fateort
590 1359 620 1407 at
643 1359 799 1428 quotquot
818 1355 925 1426 potest

101 1453 226 1511 Mortes
248 1447 374 1521 timere,
398 1446 523 1525 videat3
547 1461 579 1509 et
600 1446 737 1530 geminis
759 1447 863 1509 statim

100 1549 293 1613 Luminibus
315 1548 414 1611 orbus
435 1549 598 1633 imprimat
616 1549 720 1613 visum
740 1547 842 1622 nefas,

52 1659 84 1711 ³0
102 1654 286 1736 Animoque
309 1651 464 1734 deinceps
484 1672 612 1734 semper
633 1651 748 1713 infelix
769 1672 865 1726 suos,.

100 1756 221 1816 Luctus
243 1754 398 1817 revolvat.
443 1753 507 1816 Hic
527 1754 636 1837 placet
655 1774 779 1836 poenae
799 1751 923 1818 modus.

102 1856 173 1918 Sibi
195 1870 358 1940 superstes
379 1854 476 1916 funus
498 1854 647 1918 extendat
667 1877 768 1930 suum,

101 1962 279 2043 careatque
300 1960 373 2021 luce
396 1958 505 2038 vivus3
531 1972 564 2021 et
585 1957 743 2042 quidquid
763 1972 871 2040 potest

100 2062 244 2124 Auferre
268 2061 415 2145 cuiquam
435 2064 534 2123 Parca
557 2060 685 2122 fatalem
707 2061 778 2125 colo

52 2174 82 2226 75
100 2167 221 2227 Fusum
241 2163 402 2239 recidens,
428 2166 492 2227 vita
511 2162 633 2233 ¹viventi
653 2160 779 2227 auferat

100 2268 232 2340 Misere,
255 2287 316 2349 per
337 2286 449 2328 omnes
472 2279 571 2329 tracta
591 2286 767 2347 poenarum
787 2262 912 2327 modos.

101 2373 114 2431 I
134 2369 262 2449 ‘serrum
284 2382 316 2430 et
337 2369 439 2452 ignes,
460 2367 567 2443 lictor,
589 2367 602 2427 i
622 2381 742 2431 mortes
763 2389 849 2451 pars.

101 2476 155 2535 Me
177 2471 287 2555 regiae
309 2470 394 2534 intus
416 2471 479 2533 iam
500 2468 599 2553 dapes
620 2468 740 2532 dudum
762 2484 887 2535 uocant.

456 2626 582 2691 cuorus
617 2628 677 2688 111.

410 2768 482 2821 Fr‘lo'i
511 2767 723 2832 Psophetarum.

51 2879 83 2930 30
103 2860 262 2924 Crederet
284 2860 474 2947 quisquam?
498 2863 632 2946 Superis
653 2862 794 2925 honores

102 2963 229 3027 Invidet
248 2985 365 3029 vecors
387 2963 551 3027 hominum
573 2963 691 3026 libido:

103 3068 266 3149 Suppsres
288 3066 382 3131 Divis
402 3065 505 3150 pudet
528 3066 577 3128 ire
598 3088 704 3151 reges.

100 3167 213 3229 Altera
234 3168 378 3255 exsurgit
397 3167 561 3250 Babylone
583 3169 686 3230 moles

100 3272 230 3354 lamque
252 3269 370 3335 vicinis
393 3271 555 3334 minitatur
578 3269 683 3346 astris,

99 3376 145 3435 Et
166 3373 243 3436 novi
264 3375 387 3436 caelum
409 3373 552 3460 quatIent
575 3373 738 3457 Gigantes.

171 3540 286 3606 'Ghorus
304 3551 354 3606 ΙΙΙ.
379 3549 493 3609 Versus
508 3547 654 3623 ¹Sapphiol
674 3545 844 3620 Interposito
866 3544 916 3601 hic
942 3556 1030 3635 ¹atquo

95 3637 158 3694 illic
175 3635 300 3692 Adonio.
714 3654 717 3659 ·
921 3664 926 3675 ι
