2356 4282
461 505 726 568 Soruoursnuas.

123 677 229 747 Torta,
254 694 319 736 non
341 673 469 749 acubus,
494 673 636 736 fluminis
656 675 691 734 in
712 666 850 746 modum,

125 774 191 837 Sed
212 774 337 838 Phoebi
359 775 460 838 radiis
483 775 671 858 conspicuas
693 794 800 852 coma3

74 885 106 937 50
123 878 305 959 Depressas
326 876 444 959 patulis
464 876 607 950 naribus,
631 889 663 937 et
684 889 789 938 cutem

124 978 270 1062 Signatas
291 978 425 1039 nimium
447 979 597 1063 contigua
619 979 709 1056 face3

131 1079 257 1141 Crassis
279 1079 368 1142 labra
391 1078 506 1164 quibus
529 1082 661 1163 sepibus
683 1081 837 1165 obtegunt

122 1180 304 1243 Candorem
325 1181 454 1243 niveum
476 1181 583 1243 dentis
604 1181 752 1244 eburnei.

121 1283 295 1344 Fortunata
318 1282 443 1356 domus,
465 1302 558 1366 quam
578 1284 674 1365 parili
696 1282 760 1345 fido

74 1381 284 1446 551ndivulsa
307 1383 392 1466 regit
412 1385 526 1465 copula
547 1385 729 1467 coniugum.

123 1486 203 1547 Fert
223 1485 313 1547 vultu
334 1485 463 1546 soboles
483 1483 584 1567 patris
606 1484 795 1568 imaginem:

124 1585 251 1649 Gaudet
273 1601 359 1650 casta
380 1609 437 1649 suo
459 1600 542 1649 teste
564 1607 743 1669 puerpera:

125 1691 194 1750 Neo
217 1688 268 1751 vir
287 1688 475 1751 barbaricae
498 1709 590 1752 more
611 1689 775 1770 potentiae

124 1793 243 1854 Noctes
263 1791 433 1874 multiplici
454 1788 589 1854 foedere
613 1790 737 1864 dividit,

76 1905 110 1959 so
126 1891 278 1975 Litesque
300 1905 393 1975 atque
415 1893 524 1954 odium
546 1893 680 1954 seminat
700 1893 734 1954 in
756 1893 900 1956 domum:

123 1995 223 2056 Unam
244 2007 328 2056 totus
351 2008 444 2072 amat3
467 2009 602 2076 pectore
623 2009 687 2057 tam
709 1994 796 2059 bono

123 2094 274 2156 Externis
294 2095 385 2156 locus
408 2095 582 2170 estnnllus
602 2095 785 2176 amoribus3

125 2195 216 2289 Quos
236 2195 365 2279 pridem
385 2197 510 2259 iuvenis
530 2197 663 2260 vincere
683 2213 834 2263 noverat:

125 2301 204 2361 Cum
227 2319 339 2362 servus
361 2298 489 2360 domina
510 2299 651 2361 liberior
672 2321 728 2360 sua

74 2410 106 2464 85
124 2400 311 2482 Flagrantes
333 2401 443 2462 oculos
466 2401 581 2462 mentis
603 2399 775 2474 adulterae,

124 2500 330 2585 Nudatosque
353 2523 457 2575 sanus
482 2500 645 2583 verbaque
667 2501 784 2573 mollia,

125 2604 168 2665 At
189 2624 263 2665 mox
283 2602 414 2686 imperii
435 2603 506 2664 iure
527 2601 672 2675 minacia,

126 2704 314 2778 Contemsit,
338 2704 437 2766 veluti
460 2703 539 2764 dura
562 2703 643 2766 solet
665 2702 745 2762 silex

128 2806 302 2888 Spumosos
324 2805 431 2889 pelagi
452 2824 608 2888 spernere
631 2804 782 2867 vortices.

74 2920 109 2971 70
126 2906 238 2980 Visne,
263 2905 378 2989 inquit,
401 2905 524 2988 triplici
546 2925 598 2976 me
622 2906 747 2966 scelere
768 2905 920 2988 obfigem,

127 3009 179 3082 Ut,
200 3020 353 3081 matrona,
375 3007 437 3070 tibi
457 3006 597 3068 dedecus
618 3005 761 3069 adferam

126 3110 168 3170 Et
188 3107 334 3192 frangam
356 3107 497 3181 domino,
520 3129 612 3193 quam
633 3107 746 3191 pepigi
767 3105 873 3178 fidem,

126 3213 168 3271 Et
189 3211 306 3273 sancita
327 3210 398 3272 Deo
421 3209 554 3272 foedera
575 3208 738 3292 polluam?

127 3311 158 3376 Ο
180 3311 235 3395 qui
256 3311 378 3374 siderei
398 3311 535 3375 tramitis
558 3310 680 3373 arbiter

75 3424 107 3474 75
127 3417 210 3475 lusta
232 3413 304 3496 lege
329 3413 416 3477 vices
437 3413 593 3495 temporis
614 3411 755 3483 ordinas,

129 3518 170 3577 Ut
190 3535 275 3576 nuno
297 3516 470 3600 purpureis
493 3536 550 3576 ver
571 3514 669 3575 niteat
690 3513 784 3585 rosis,

129 3621 220 3678 Nunc
242 3637 379 3678 messem
400 3617 504 3700 segeti
528 3617 631 3677 Sirius
654 3630 819 3698 excoquat,
