2356 4282
418 428 581 490 Cnnrsrus
601 430 757 489 Psurnns·
987 427 1048 495 143

128 596 232 658 Primi
253 596 397 679 parentis
419 613 522 661 morte
545 595 716 660 sanandum
738 608 787 658 est
808 595 921 657 scelus.

128 696 279 760 Morbum
301 698 461 761 furentem
484 699 647 783 sanguinis
669 699 776 781 largus
797 696 861 758 mei

128 799 235 861 Piabit
255 801 371 863 imber.
395 801 538 864 Gaudent
559 801 629 863 dira
651 820 731 864 nece

130 903 240 963 Genus
264 917 443 985 superstes:
466 903 600 986 gaudeat
620 902 801 966 mortalium

59 1006 111 1058 110
130 1002 352 1099 Quodcunque
375 1005 468 1067 busto
490 1021 597 1079 restat,
621 1020 652 1067 et
673 1004 778 1088 gentis
799 1002 870 1086 piae

130 1106 264 1167 Cineres
285 1108 411 1189 sepulti,
435 1109 570 1169 viximus
594 1109 788 1171 viventibus.

128 1208 307 1271 Moriomur
326 1210 360 1271 iu
381 1230 558 1272 commune.
583 1213 653 1272 Non
674 1224 807 1292 possunt
826 1229 916 1271 meuc

128 1312 244 1373 Perire
266 1311 383 1385 clades,
407 1327 519 1375 cuncta
541 1312 693 1374 debemus
716 1312 795 1374 mala

128 1414 290 1476 Promissa
312 1415 419 1488 terris,
442 1415 567 1475 vincula
590 1429 622 1476 et
642 1412 742 1496 flagra
765 1427 796 1474 et
818 1433 956 1488 crucem,

63 1525 112 1578 115
131 1516 336 1599 Titulumque
358 1537 467 1579 sacrae
489 1515 614 1589 mortis,
637 1529 668 1576 et
689 1514 853 1576 fastidium

130 1619 244 1681 Gentis
266 1618 433 1700 superbae.
459 1618 601 1679 Turbine
623 1616 742 1679 infesto
765 1631 854 1679 tonet

128 1721 164 1779 In
184 1740 235 1780 me
257 1720 399 1801 parentis
419 1719 477 1794 ira,
505 1718 578 1779 dum
600 1732 708 1801 parcat
730 1719 820 1778 meis.

127 1823 175 1882 Ne
197 1835 308 1902 pereat
329 1821 430 1894 orbis,
453 1841 571 1902 pereot
591 1835 749 1882 terrarum
772 1818 911 1880 omnium

131 1921 277 1983 Succedo
300 1923 426 2004 poenis.
452 1921 606 2018 Quisquis
629 1935 804 1982 extremum
827 1920 908 1982 colis

61 2039 112 2090 120
129 2023 301 2105 Utriusque
322 2022 449 2084 Phoebi
471 2023 567 2096 littus,
591 2037 642 2083 aut
663 2036 750 2084 recta
772 2021 843 2083 face

129 2125 260 2185 Aestiva
284 2123 407 2185 medius
429 2143 528 2206 regnu
552 2144 632 2206 quae
653 2137 757 2184 torret
778 2122 857 2196 dies,

130 2224 259 2317 Quique
281 2226 314 2285 in
336 2239 458 2287 remota
479 2226 582 2287 noctis
606 2227 780 2286 immensae
802 2224 894 2306 plaga

130 2327 272 2388 Glaciale
294 2326 427 2408 plaustri
451 2326 538 2387 sidus
562 2325 676 2387 Arctoi
696 2324 797 2399 vides,

73 2488 78 2494 ,
130 2428 248 2488 Favete
271 2448 371 2501 sacro,
394 2448 513 2510 poscor
535 2428 599 2489 sris
621 2426 733 2501 hostia,

61 2531 111 2584 125
129 2529 171 2588 Et
193 2529 292 2589 maius
313 2551 393 2613 agno
416 2529 547 2603 Pascha,
565 2542 676 2590 nostro
698 2528 846 2610 sanguini

129 2630 273 2691 Donabit
294 2631 357 2691 iras
381 2629 478 2691 caede
501 2629 671 2712 placandus
694 2643 795 2711 pater.

130 2735 195 2792 lom
217 2732 310 2813 plena
333 2752 457 2792 sacrum
479 2734 566 2791 Luna
588 2744 660 2814 post
680 2750 798 2792 vernae
818 2731 894 2793 citat

130 2837 273 2916 Aequota
294 2833 375 2895 lucis
397 2833 512 2916 spatia:
535 2835 607 2917 plus
630 2831 749 2915 aliquid
771 2832 825 2894 die

129 2935 212 2995 Dies
235 2949 338 2995 tamen
361 2935 485 2998 videbit
506 2951 538 2998 et
557 2935 674 3018 perdet
695 2934 793 2996 diem.

60 3044 113 3097 130
130 3037 254 3098 Excors
276 3036 361 3113 luda,
386 3050 420 3097 tu
441 3037 517 3099 licet
538 3037 640 3101 valida
661 3059 756 3099 manu

131 3140 251 3202 Venins
274 3141 436 3236 Quiritum
458 3141 581 3203 cinctus
603 3156 636 3203 et
657 3142 760 3204 noctis
782 3155 869 3202 metu

131 3241 298 3304 Adversus
320 3264 427 3315 unum,
450 3263 514 3303 non
536 3242 600 3304 tuis
620 3244 732 3324 capior
753 3243 853 3306 dolist

131 3344 249 3405 Prodis
272 3344 442 3406 scientem:
466 3359 579 3426 sponte
601 3344 720 3408 lestino
741 3345 836 3408 mori.

133 3449 175 3508 At
196 3467 253 3508 vos
275 3445 429 3528 magistro
452 3446 533 3508 lecta
555 3446 682 3508 socialis
704 3448 831 3523 cohors,

65 3559 116 3612 135
135 3547 249 3610 Adhuc
271 3546 376 3609 fidelis
397 3547 498 3625 turbo,
523 3562 598 3632 post
617 3547 714 3613 festus
736 3549 834 3633 dapes
880 3622 882 3627 ,
