2356 4282
498 413 641 477 Statuas.

104 580 220 644 Portas
240 581 395 649 satutem?
416 585 541 652 Votane
564 579 710 667 adspexit
731 580 843 645 Deua?

54 688 85 742 tt
102 685 156 748 Au
177 700 300 749 temere
322 687 355 748 in
376 708 468 750 auras
490 707 599 769 sparsa
620 684 816 767 praecipites
839 682 938 747 eunt?

104 788 180 853 Deo.
204 789 377 873 Respexit3
401 802 434 852 et
454 809 522 864 voe,
545 799 632 850 certa
654 787 681 848 si
704 785 839 870 Superis
860 783 953 863 fides,

102 895 217 974 Regno
238 891 405 975 impotenti
427 892 538 956 solvet.
585 892 620 950 ln
640 909 737 951 eursu
757 902 806 950 est
828 887 922 951 salus.

102 992 211 1057 Fatale
234 1007 359 1076 tempus
382 993 486 1057 instat.
531 996 621 1055 Haeo
644 990 739 1054 uobis
761 990 832 1052 dieo

102 1092 289 1161 chananaea
309 1110 436 1178 rumpet
457 1095 573 1159 vinela.
618 1094 769 1157 Delectas
790 1093 897 1155 tribua

54 1202 84 1259 10
100 1199 168 1263 Per
189 1218 241 1259 me
264 1195 404 1259 secundo
426 1197 563 1261 Numine
586 1197 707 1263 excitus
731 1201 832 1259 Barac

99 1295 155 1361 Ad
174 1297 257 1361 bella
284 1299 380 1382 cogit,
408 1319 552 1384 quaeque
572 1299 761 1385 Nephtalioe
784 1313 853 1362 arnt

101 1399 243 1486 Cognata
264 1422 404 1486 campos,
428 1423 573 1486 quaeque
597 1400 792 1465 Zabulonem
812 1400 897 1464 colit.

98 1503 159 1567 Bia
181 1502 277 1587 quina
298 1523 406 1565 seeum
428 1503 527 1565 millia
549 1503 612 1565 huo
634 1501 748 1567 tacitus
769 1503 865 1586 rapit,

93 1603 168 1698 ³Qui
192 1603 273 1665 culta
297 1604 392 1666 tereti
415 1604 506 1687 plana
528 1602 693 1689 despectat
715 1603 792 1687 iugo

54 1702 82 1758 ¹5
102 1706 264 1771 Galilaeus
286 1706 375 1768 illine
399 1706 500 1781 collis,
523 1705 600 1767 hine
620 1705 733 1790 rapido
758 1704 875 1769 cadens

100 1809 248 1891 Abrupta
271 1829 367 1871 eursu
390 1828 461 1868 saxa
484 1806 625 1871 devolvit
648 1808 754 1873 Cison.

102 1909 261 1977 sedante
283 1910 409 1973 Sisarae
431 1909 548 1973 missua
570 1926 679 1973 orator
699 1931 798 1993 prece

102 2013 251 2079 Tentavit
271 2013 426 2075 animum:
449 2014 519 2075 iura
540 2012 707 2077 famulatus
729 2013 837 2097 gravis

100 2119 143 2181 Et
165 2114 280 2178 acerba
302 2116 407 2199 gentis
428 2114 492 2177 fata
516 2115 659 2199 captivae
681 2135 831 2198 querens.

54 2218 84 2273 to
101 2217 146 2279 At
168 2217 234 2290 ille,
258 2232 364 2279 cautes
389 2218 491 2302 qualis
515 2217 549 2276 in
572 2214 678 2278 medio
699 2217 786 2300 riget

101 2320 232 2382 immota
254 2319 378 2402 pelago,
405 2320 496 2402 pulsa
517 2318 569 2381 vel
593 2337 730 2401 quereus
753 2316 841 2380 leves

100 2421 281 2506 Perlringit
304 2443 404 2495 auras,
429 2420 550 2483 robore
573 2421 729 2483 immenso
752 2434 877 2482 tumens

99 2522 188 2585 Nihil
210 2523 358 2602 remittit3
384 2524 467 2587 bella
487 2524 564 2608 quin
587 2524 691 2608 ipsum
712 2523 808 2585 ferox

96 2627 219 2689 *Contra
240 2630 417 2689 Tonantem
438 2625 576 2689 tumidus
600 2626 740 2711 imperio
763 2627 858 2710 gerit.

54 2737 82 2790 to
101 2732 227 2796 Vesana
249 2729 339 2791 rabie
361 2729 460 2792 eorda
481 2729 529 2791 aio
554 2729 670 2793 vindex
691 2733 780 2791 Deus

101 2831 239 2895 Duravit
260 2831 356 2906 idem,
378 2851 470 2895 caeca
493 2832 548 2915 qui
571 2829 681 2893 Pharii
703 2830 794 2913 priua

101 2932 248 2995 Armavit
269 2932 341 2996 odia
363 2932 452 3018 regis
472 2947 505 2996 et
525 2930 615 2995 lleeti
638 2930 727 2993 dedit

102 3037 245 3101 indocile
267 3053 389 3122 pectus.
433 3041 502 3101 Ialt.
526 3042 632 3122 Perge
654 3059 718 3101 non
741 3055 877 3119 aequum
900 3046 955 3097 tuo

64 3138 67 3147 '
101 3139 233 3203 Plaoare
255 3141 375 3224 populo
395 3142 529 3204 Numen.
563 3143 641 3204 Det.
665 3139 760 3203 Haud
781 3158 879 3203 vanua
900 3136 1007 3211 labor,

170 3387 207 3440 V.
228 3391 286 3443 110.
301 3401 343 3458 sq.
368 3384 429 3441 lud.
444 3389 470 3451 l,
491 3390 531 3443 10.
555 3385 610 3463 Qui
632 3382 728 3438 accitis
741 3382 873 3438 Zabulon
890 3392 920 3437 et
933 3381 1028 3452 Neph-

102 3472 175 3529 tlvali
191 3470 322 3527 aseendit
341 3487 406 3524 cum
424 3469 523 3526 decena
540 3469 667 3528 millibus
684 3480 892 3544 pugnatorum,
923 3467 1031 3523 liabens

102 3557 250 3614 Doboram
268 3556 299 3612 iu
317 3556 453 3613 comitatu
468 3573 530 3612 suo.
