2356 4282
168 451 229 519 142
563 448 685 510 Gaoru

234 620 314 691 Nox,
336 616 408 676 dum
431 617 542 679 citatos
564 617 661 700 agitat
680 631 838 678 astrorum
861 616 990 692 cho'ros,

234 725 359 783 Brevcs
381 719 505 802 fugacis
527 718 650 782 invidet
669 719 753 782 vitae
775 726 890 780 moras.

236 822 453 916 Quaecunque
473 820 599 884 tandem
621 821 686 883 vim
707 833 798 904 parat
817 819 915 903 capiti
936 840 1010 882 meo

237 925 315 985 Sors
339 923 425 998 dura,
452 936 561 1004 parcat
582 922 721 996 trahere,
748 921 916 983 ducentem
939 941 1067 1006 sequor.

185 1039 218 1090 80
236 1029 381 1107 Impense
402 1025 516 1107 generi
538 1038 611 1106 post
631 1038 679 1086 tot
698 1023 834 1086 humano
857 1023 947 1100 mala,

235 1130 312 1189 Post
335 1127 450 1209 frigus,
474 1140 604 1198 aestum,
627 1126 805 1200 lachrimas,
830 1127 945 1200 luctus,
967 1125 1091 1198 famem,

235 1227 377 1290 Accedat
398 1249 503 1299 unum,
524 1227 663 1288 moriar:
687 1227 809 1288 alienae
830 1248 905 1288 reus

237 1330 355 1413 Culpae
377 1342 526 1411 peractus
549 1328 696 1410 spiritum
720 1328 841 1389 fessum
861 1348 983 1399 exuam,

238 1431 414 1513 Castusque
436 1444 539 1491 terras
560 1429 659 1512 tingat
680 1429 819 1512 ingratas
842 1448 949 1491 cruor.

185 1543 219 1596 85
237 1535 301 1593 lam
324 1532 430 1596 vaenit
451 1531 565 1615 ingens
586 1532 699 1605 anima,
734 1531 796 1593 iam
818 1544 954 1592 mortem
974 1551 1076 1592 meam

236 1640 399 1696 Mereatur
421 1647 509 1695 atrox
529 1632 694 1695 infulatum
715 1631 823 1706 factio,

240 1735 429 1818 Scelerique
448 1735 589 1816 pretium
612 1734 700 1796 dicit.
724 1736 840 1795 Exacta
862 1749 911 1797 est
932 1733 998 1794 mei

236 1838 325 1897 Bona
348 1857 422 1918 pars
444 1837 582 1898 laboris:
605 1856 699 1897 omne
721 1835 888 1918 praesensi
908 1835 1033 1910 malum,

238 1940 279 1998 Et
302 1935 455 2021 quicquid
477 1952 543 1998 atra
566 1958 630 1998 nox
650 1937 732 2020 tegit
751 1935 820 1999 vidi
841 1950 957 1998 tamen.

186 2045 220 2097 00
239 2043 331 2099 Mens
353 2053 424 2100 ante
447 2058 565 2121 corpus
586 2038 715 2120 pendet,
740 2037 896 2100 horresco
919 2036 1020 2112 nefas,

238 2142 453 2222 Pressumque
475 2139 565 2201 venis
589 2139 774 2222 sanguinem
796 2138 928 2201 exsudat
948 2138 1057 2200 timor.

239 2241 312 2336 Quo
333 2241 460 2322 priscus
483 2239 537 2300 ille
561 2238 669 2301 cordis
691 2239 847 2300 abscessit
869 2238 965 2320 vigor

238 2342 400 2424 Diumque
422 2339 546 2401 robur?
568 2340 660 2401 feror
684 2340 717 2399 in
739 2352 915 2411 aerumnas,
937 2337 1041 2401 feror.

239 2445 312 2504 Heu
334 2455 437 2502 morte
460 2440 538 2501 dura
560 2440 672 2501 durius
693 2441 806 2502 mortis
829 2460 941 2522 genus,

187 2528 411 2624 95A1iimique
434 2542 537 2605 tristis
558 2542 704 2624 languor,
723 2563 761 2602 an
782 2554 865 2602 totus
889 2539 988 2622 perii,

238 2645 290 2705 An
312 2664 385 2726 spes
408 2643 515 2704 salutis
536 2642 654 2705 restat?
675 2645 781 2726 Atque
803 2641 921 2703 utinam
943 2654 1073 2723 patrem·

238 2747 349 2808 Liceat
368 2746 508 2828 precari.
532 2745 711 2807 Lachrimis
736 2757 823 2806 carte
846 2743 926 2804 meis

237 2847 326 2908 Nihil
347 2867 467 2929 negare
489 2846 599 2908 solitus
622 2847 811 2930 aliquantam
833 2844 907 2905 mali

238 2952 367 3010 Partem
389 2948 539 3021 remittat,
561 2947 610 3009 sas
631 2948 690 3009 sed
712 2960 875 3009 aeternum
902 2945 978 3021 Dei,

172 3058 221 3110 100
240 3053 283 3114 Et
303 3050 510 3133 praestitutus
535 3048 615 3112 ordo
638 3050 765 3112 venturi
786 3062 881 3113 vetat.

238 3155 301 3214 Tot
322 3165 393 3212 ante
417 3150 530 3212 saeclis
552 3147 611 3210 fixa
635 3164 745 3233 totque
766 3148 905 3211 oraculis

240 3254 368 3314 Cantata
390 3265 493 3314 ratum
518 3251 622 3312 nescit
643 3250 675 3311 in
698 3248 794 3312 linem
817 3270 915 3311 ruens

239 3354 344 3416 Flecti
364 3353 521 3416 voluntas.
542 3351 606 3414 Sed
629 3351 707 3437 quid
728 3352 874 3414 infernae
895 3372 1008 3414 moror

239 3456 368 3517 Calcare
393 3454 548 3516 echidnae
570 3454 668 3527 virus,
695 3468 727 3515 et
747 3453 825 3516 torti
847 3474 961 3536 vagum

172 3558 221 3613 105
240 3555 400 3619 Draconis
421 3577 534 3640 agmen
556 3571 665 3618 tercrc
688 3554 816 3616 sublimi
837 3553 944 3637 pede?
