2356 4282
104 471 146 539 80
460 472 668 535 Mausrumu

168 641 298 704 Indocta
318 641 432 705 foedae
454 643 596 706 membra
618 643 762 707 lanienae
784 657 932 727 amputat.

168 746 210 807 Et
232 743 318 828 quod
339 746 493 807 malorum
514 745 683 808 maximum
703 746 737 807 in
759 760 861 808 matre
883 746 1038 821 arbitror,

168 847 306 910 Defossa
328 848 464 932 geminis
484 849 601 910 lumina
622 849 655 909 in
678 849 836 931 specubus
857 849 967 933 rigent

167 954 354 1035 Negantque
378 953 540 1032 lacrymas,
564 966 664 1026 torva,
687 952 757 1013 sine
779 972 886 1026 sensu,
907 951 1023 1014 furens

102 1060 149 1112 135
167 1057 206 1117 Ut
226 1055 350 1117 Baccha
373 1054 476 1116 fertur
483 1075 492 1133 3
516 1054 623 1118 fervet
643 1053 776 1116 undanti
796 1055 881 1116 latex

170 1159 330 1240 lactatque
352 1157 455 1217 aheno
476 1156 637 1235 membra3
662 1177 736 1238 pars
757 1157 844 1218 lento
866 1176 947 1221 veru

170 1259 273 1320 Stillat
295 1272 435 1332 cruenta,
458 1256 565 1319 subdit
587 1258 702 1321 invitas
723 1279 842 1339 parens

167 1364 209 1423 Et
229 1360 284 1424 hic
306 1375 339 1423 et
360 1361 426 1423 illic
447 1361 547 1444 impio
570 1359 713 1423 flammas
733 1382 824 1444 rogo,

165 1468 292 1525 Partem
313 1464 347 1524 in
368 1477 491 1527 remoto
511 1462 648 1545 provida
670 1462 934 1546 reconditorum

100 1574 149 1626 14⁰
167 1568 208 1628 Et
229 1586 299 1627 csse
322 1581 408 1629 tanto
431 1567 464 1626 in
487 1564 611 1627 scelere
632 1565 790 1649 frugalem
811 1566 926 1648 placet.

166 1668 288 1750 Epulae
311 1669 508 1730 instruuntur
530 1666 687 1750 denique:
711 1688 731 1730 o
753 1666 852 1730 fatum
872 1666 990 1751 grave!

166 1771 256 1831 Ultra
280 1771 449 1850 Thyestem
471 1783 519 1832 cst
538 1769 668 1853 aliquid,
693 1784 727 1831 et
748 1770 880 1832 Graium
902 1770 994 1834 leves

166 1873 309 1941 Vicimus
333 1873 478 1935 Hebraei
502 1873 623 1935 fabulas
645 1893 755 1934 rerum
776 1870 841 1933 fide

165 1979 261 2040 Caelo
280 1975 438 2060 pudenda.
483 1976 625 2037 Crimine
647 1976 752 2037 alieno
769 1995 891 2038 nocens

99 2081 146 2134 145
165 2084 296 2163 Ignarus
316 2080 383 2140 illic
405 2078 543 2140 lancinat
563 2092 652 2140 natos
674 2093 774 2160 pater,

164 2182 273 2244 Nostri
295 2182 456 2245 volentes:
481 2179 617 2262 dumque
639 2179 825 2261 praeclusae
848 2177 930 2239 viam

164 2286 286 2345 Fauces
307 2283 445 2366 malique
468 2283 631 2344 conscium
652 2295 763 2363 pectus
783 2294 887 2362 negat,

163 2387 249 2446 Dum
273 2384 451 2446 stomachus
473 2384 587 2446 horret
607 2383 709 2466 pollui
732 2380 861 2445 infanda
885 2379 977 2464 dape,

162 2487 298 2549 Pietatis
319 2507 446 2549 omnem
469 2487 615 2568 pertinax
637 2507 765 2548 sensum
787 2484 880 2548 furor

98 2590 146 2643 150
164 2590 283 2663 Evicit,
306 2603 398 2650 utero
421 2603 523 2650 mater
544 2588 645 2648 invito
669 2609 743 2649 suos

164 2694 283 2754 Foetus
304 2691 452 2775 regessit,
476 2705 508 2753 et
529 2690 697 2751 reluctanti
718 2689 789 2751 viro

165 2795 267 2858 Scidit
287 2792 473 2876 epulandos.
517 2795 530 2851 1
549 2791 657 2866 modo,
683 2805 715 2853 et
736 2789 844 2874 fugam
865 2788 1032 2873 exprobra,

164 2899 336 2980 Victasque
359 2898 509 2976 solymae,
537 2915 676 2978 querere
698 2892 844 2954 desertos
867 2893 952 2953 lares

163 3001 227 3065 Vix
249 2999 431 3076 semivivis3
456 2997 620 3080 proditum
640 3018 775 3080 regnum
798 3015 886 3069 voca,

97 3102 144 3153 15⁶
163 3103 321 3165 Alimenta
345 3099 471 3184 quando
490 3102 637 3182 pertinax
658 3100 743 3159 nulla
766 3098 890 3161 invenit

163 3206 283 3267 Rabies
306 3202 434 3278 edendi,
456 3203 489 3263 ni
511 3216 583 3265 tuos
606 3202 717 3264 forsan
738 3199 831 3263 dares

164 3365 369 3376 -——-———

231 3457 268 3509 V.
284 3461 341 3510 142.
361 3452 506 3525 Thyestes,
516 3450 631 3522 Pelopis
643 3447 729 3515 lilius,
741 3444 886 3501 adulterio
899 3462 964 3500 cum
972 3445 1076 3513 Aeropo

163 3557 256 3594 uxore
274 3538 374 3592 fratris
391 3539 434 3591 sui
454 3536 602 3592 commisso
622 3534 743 3590 infamis.
779 3531 854 3588 Huic
871 3531 979 3587 Atreus
999 3531 1077 3586 frater

163 3627 240 3682 filios
259 3637 356 3682 coctos
373 3625 517 3699 apposuit.
