2356 4282
555 456 725 520 Sarnous.

173 626 297 687 Doctus
317 638 469 706 mannus
488 646 645 710 quamque
666 623 834 709 distinguit
855 649 922 691 suo.

172 728 265 811 Ergo
286 742 321 791 ut
340 743 492 812 paternos
513 729 666 791 tantulum
685 729 810 811 primus
832 729 927 794 furor

172 830 310 893 Remisit
329 844 427 906 artus,
453 830 533 894 fecit
556 845 588 893 et
609 831 712 894 luctus
733 833 811 895 novi

173 933 323 995 Animum
344 953 510 1016 capacem3
533 933 715 1017 proximum
734 933 826 996 caedi
846 934 984 1018 imperat

99 1041 154 1093 150
173 1033 334 1120 Adiciqus
355 1035 460 1098 fratri.
484 1033 662 1098 Barbarum
683 1037 828 1119 quamvis
849 1059 963 1101 sonum

173 1136 281 1199 Sensit
301 1138 436 1220 puellus,
462 1159 561 1220 seque
583 1137 622 1201 ab
644 1139 764 1200 incauti
785 1162 880 1202 manu

172 1240 291 1322 Rapuit
307 1239 461 1314 ministri,
487 1241 581 1303 turba
602 1240 745 1302 currenti
766 1240 869 1306 favet:

174 1343 216 1404 At
236 1342 291 1404 ille
313 1362 412 1424 parvo
434 1341 530 1405 facile
552 1339 765 1423 trepidantem
787 1341 890 1426 gradu

174 1444 317 1519 Secutus,
344 1463 455 1506 ensem
476 1441 604 1526 penitus
627 1444 661 1504 in
681 1457 773 1527 tergo
796 1443 929 1508 abdidit.

101 1542 155 1599 155
175 1545 312 1608 Gemino
331 1545 457 1628 puellus
475 1543 607 1607 flumine
630 1544 773 1628 aspergit
792 1545 909 1621 solum,

172 1650 215 1710 Et
236 1647 395 1730 utrimque
417 1647 559 1710 moriens
580 1668 702 1730 pronus
726 1647 760 1708 in
781 1661 906 1731 patrem
927 1647 1021 1712 cadit.

173 1750 265 1812 Ultor.
276 1750 341 1812 Pro
351 1748 475 1812 facinus
489 1763 588 1823 atrox,
599 1748 707 1810 dirum
722 1763 755 1812 et
770 1751 1098 1832 aspectuhorridum‘?

171 1855 230 1915 lar.
252 1849 379 1934 Tepido
399 1865 550 1933 paternos
571 1852 726 1934 sanguine
748 1853 935 1936 implentem
956 1854 1045 1917 sinus

172 1953 334 2017 Exanimis
355 1953 426 2034 ipse
447 1952 577 2036 genitor
597 1952 746 2035 amplexu
767 1955 892 2030 ultimo,

101 2059 155 2114 160
173 2056 361 2139 Vinclisque
384 2054 505 2117 circum
527 2055 659 2137 corpori
682 2053 793 2120 affusis
814 2056 944 2140 premit.

172 2161 264 2223 Ultor.
273 2155 456 2220 Miserande
464 2156 677 2240 genitorum
686 2159 802 2222 Stricta
812 2160 1099 2246 quodneqniitma·

171 2261 335 2346 Frigentis
355 2259 467 2321 oculos
488 2259 608 2322 usculis
630 2258 751 2323 claudit
771 2262 849 2336 suis,
1010 2263 1095 2349 [nus‚

170 2367 213 2426 Et
234 2384 292 2426 ore
313 2383 427 2445 presso
449 2362 597 2444 spiritum
620 2361 789 2426 abeuntem
810 2364 899 2449 legit.
938 2374 940 2379 ’

172 2466 283 2529 Odere
305 2463 433 2527 tandem
453 2464 545 2526 triste
568 2465 723 2528 convivae
743 2464 846 2541 nefas,

99 2575 151 2628 165
170 2569 257 2663 Quin
280 2568 351 2649 ipse
375 2567 520 2646 Solymac
544 2566 660 2627 clarius
683 2566 787 2631 victor
809 2569 917 2651 gemit,

169 2671 341 2752 Palemque
366 2667 438 2731 diro
460 2669 611 2752 parvulos
634 2667 787 2750 praedam
809 2668 899 2734 dolet

169 2777 315 2835 Monstro
336 2769 472 2833 stitisscz
491 2770 588 2833 vellet
608 2769 784 2831 incolumes
805 2769 916 2855 fugam

170 2874 340 2948 Tenuisse,
367 2872 465 2937 vellet
485 2887 588 2935 morte
610 2870 797 2937 defunctum
816 2873 882 2936 levi

169 2980 257 3040 Toto
278 2988 443 3057 parentem
463 2973 628 3037 conditum
650 2994 753 3057 regno
774 2974 852 3057 tegi.

100 3084 153 3151 1⁷⁰
172 3080 266 3143 Solus
286 3077 392 3140 furori
413 3075 569 3139 barbarus
590 3091 740 3139 constans
763 3097 821 3138 suo

168 3188 288 3246 Terret
306 3195 493 3266 gementes3
516 3180 619 3243 hostis
640 3193 698 3254 est,
721 3180 775 3244 cui
796 3179 936 3244 hostium

166 3287 276 3368 Aegre
296 3298 347 3347 cst
365 3283 471 3346 recidi
492 3284 620 3367 penitus
640 3282 775 3348 invisam
796 3281 948 3347 indolem.

168 3391 284 3472 lgnave
304 3387 400 3450 lictor
420 3386 551 3451 teru'um
572 3387 635 3449 hoc
656 3398 834 3449 monstrum
855 3406 947 3450 neca.

170 3493 270 3552 lotum
292 3489 424 3572 parabat
444 3487 511 3563 itte,
532 3507 605 3550 cum
625 3507 740 3569 parvas
760 3508 872 3550 manus

99 3596 149 3650 1⁷⁵
167 3592 356 3678 Oculoque
381 3600 493 3655 contra
511 3588 659 3673 trepidus
680 3587 828 3654 obtendit
848 3610 951 3673 puer:
