2356 4282
100 450 165 522 238
499 449 621 514 Gaoru

170 627 263 688 Nexu
283 619 451 687 individuo
472 621 584 685 bores.

172 726 202 790 0
226 726 253 790 si
275 748 326 788 me
348 726 533 810 impositum
553 723 620 787 suis

102 836 153 892 235
170 829 291 892 Pennis
313 828 456 892 cinnama
479 826 640 891 olentibus

172 933 263 996 Coeli
285 954 364 1015 pura
384 952 445 1014 per
467 951 607 1014 aequora

172 1035 318 1098 Phoenix
342 1035 462 1109 avehat,
488 1033 580 1095 unica

170 1137 293 1199 Mundo
317 1157 445 1219 semper
467 1135 544 1209 avis,
568 1133 679 1197 ferens

173 1243 209 1302 ln
232 1239 316 1302 Solis
337 1239 435 1299 nimia
455 1237 526 1299 sace

104 1357 155 1414 240
174 1344 334 1405 Succensa
355 1340 551 1423 Aethiopum
570 1341 651 1414 loca,
701 1347 704 1351 ’

174 1447 305 1508 Fratres
327 1459 361 1507 ut
382 1443 507 1505 videam
529 1464 629 1505 meos.

175 1547 239 1610 Sed
260 1567 336 1609 ecee
360 1546 436 1608 ditis
458 1545 605 1607 dominus
627 1544 767 1627 Aegypti
787 1542 885 1618 venit,

174 1653 217 1714 Et
238 1649 323 1712 Solis
346 1661 459 1732 aequat
481 1647 557 1732 igne
579 1645 723 1730 praelato
746 1644 847 1707 iubar.

537 1839 742 1855 -u—-fi—

485 1998 603 2060 Astus
621 1995 795 2074 omnus..

340 2158 466 2212 Pharao.
502 2159 649 2224 Iosephus.
686 2161 786 2212 ludos.
822 2157 943 2210 Oleros.

179 2278 256 2342 Tibi
278 2280 462 2363 gratulatus,
483 2300 567 2342 nune
590 2293 621 2342 et
642 2281 736 2341 uxori
758 2291 831 2342 tuae

179 2379 355 2444 Affinitatis
376 2381 506 2457 decore,
528 2382 713 2445 cumulatam
736 2380 862 2443 domum

179 2485 264 2553 Volo
286 2484 448 2569 gratulari.
495 2484 588 2545 Nulla
606 2505 665 2566 par
686 2483 810 2546 meritis
831 2482 893 2546 tuis

180 2589 290 2650 Potest
311 2586 433 2648 referri
455 2587 571 2670 gratia:
595 2585 711 2648 auxilio
732 2600 786 2649 tuo

146 2690 428 2764 terrulenter,
451 2689 555 2751 libere
577 2709 681 2775 regno
703 2689 807 2751 fruor.

183 2791 261 2855 Tibi
282 2793 414 2854 salutem
437 2789 535 2854 debet
553 2793 717 2874 Aegyptus
739 2813 837 2868 suam,

182 2895 224 2958 Et
243 2914 304 2979 ego
327 2895 488 2978 quietem3
513 2908 626 2956 cuncta
647 2891 734 2978 quod
756 2916 820 2956 non
843 2916 861 2955 a
881 2893 965 2956 viris

183 2997 322 3059 Deserta
346 2997 504 3080 squallent
525 3016 610 3069 arva,
634 2994 720 3079 quocl
741 2996 839 3061 terris
858 3016 942 3060 nora

186 3100 268 3183 Spes
290 3112 396 3161 manet
417 3098 523 3174 aratri,
549 3098 692 3159 muneris
713 3111 812 3161 totum
832 3098 880 3161 tui
901 3113 962 3162 est.

135 3219 169 3272 ιο
185 3201 327 3286 Ideoque
349 3201 492 3264 honores
513 3199 553 3262 ad
573 3213 644 3262 tuos
665 3198 739 3262 addi
759 3200 843 3274 volo,

93 3361 99 3379 ,
186 3305 231 3366 Ut
251 3323 342 3364 more
364 3305 451 3364 ane
473 3302 588 3385 gentis,
612 3300 781 3364 astriferae
801 3300 927 3386 plagae

186 3407 223 3466 ln
243 3403 342 3488 spatia
362 3404 471 3466 venias
491 3403 631 3465 nominis
652 3401 744 3465 titulo
767 3400 824 3479 tui,

188 3507 394 3591 Grandisque
415 3506 525 3570 meriti
545 3504 675 3590 grande·
689 3518 926 3568 monumentum
947 3505 1037 3571 ferat

188 3609 344 3695 Agricola
364 3624 474 3673 taurus
494 3628 569 3672 aree
591 3607 719 3672 sitlerea
742 3608 873 3685 micans,
