2356 4282
489 475 757 539 snmomnns

94 650 130 702 4ο
151 639 216 701 Sed
237 657 350 722 sponte
372 641 489 707 saliens
509 664 551 706 ex
570 642 668 707 humo
688 642 862 706 maioribus
969 700 973 707 .

147 744 260 806 Potata
282 743 403 809 nostris
422 762 522 823 ωιτη
543 767 606 830 pro
626 746 733 809 sistris
755 760 824 809 eret

149 844 318 925 Compacte
338 845 427 909 ceris
447 866 557 922 cenna,
584 867 666 930 quae
688 847 798 927 Syrios
819 847 933 911 medes

149 945 309 1028 Aequam,
335 947 470 1010 canebat
489 947 580 1010 orbis
601 945 757 1011 artificem
777 949 893 1011 Deum.

150 1046 185 1107 Si
204 1061 280 1109 tunc
302 1049 402 1130 patris
425 1049 483 1110 sub
507 1070 576 1126 ore,
601 1072 772 1134 germanos
793 1072 898 1135 prope
990 1104 995 1111 .

97 1161 132 1212 45
152 1149 246 1210 Solos
268 1148 440 1225 videntem,
466 1151 551 1215 livor
573 1151 697 1215 invenit
718 1168 834 1229 tamen,

149 1250 392 1335 Potentieeque‚
415 1273 486 1313 seru
508 1274 590 1336 quae
610 1254 700 1315 venit
720 1253 810 1329 mihi,

149 1353 311 1414 Nocturna
330 1354 437 1436 imago
458 1367 521 1415 tam
543 1353 614 1416 fere
632 1354 805 1417 innocuum
824 1354 859 1416 in
880 1368 974 1440 ceput

150 1453 297 1516 Concinit
318 1452 402 1527 odia,
426 1474 511 1516 nunc
532 1453 611 1537 quid
633 1468 825 1537 exspectem,
849 1454 970 1519 advene

63 1603 70 1613 .
149 1554 375 1636 Memphiticus
398 1554 533 1629 telluris,
555 1558 589 1615 in
610 1554 739 1638 fastigio

97 1660 132 1712 50
150 1652 243 1716 Adeo
266 1655 425 1716 eminente
445 1655 570 1736 positus
590 1669 625 1718 ut
648 1669 778 1718 cunctos
800 1655 967 1738 premam?

150 1757 191 1818 Et
210 1769 259 1817 est
279 1756 378 1818 Phari
401 1777 481 1840 gens
503 1776 628 1838 aspere,
651 1770 685 1818 ct
704 1751 793 1820 cives
814 1779 942 1843 quoque

152 1857 288 1919 Cervice
311 1855 460 1920 dominos
483 1877 578 1940 saepe
599 1877 664 1919 non
683 1856 774 1921 facili
795 1858 917 1922 ferens.

152 1959 225 2052 Quo
248 1957 350 2020 maior
372 1972 420 2020 est
443 1957 523 2020 hacc
548 1957 659 2020 fraena
680 1958 844 2023 moderari
863 1961 979 2025 leben¹

151 2061 290 2120 Peccant
311 2058 475 2134 remissae,
502 2078 563 2129 nec
584 2059 834 2144 minusrigidue
855 2082 976 2126 manus.

98 2172 132 2222 55
153 2160 228 2223 Vult
249 2160 335 2221 mitis
357 2159 441 2222 adici
467 2159 581 2221 lenitas
602 2158 728 2242 pondus
750 2160 823 2236 sihi,
887 2206 889 2211 ι
971 2226 975 2233 ,

151 2261 373 2345 Modestiaque
397 2262 513 2343 comite
536 2261 684 2325 maiestas
707 2275 791 2345 eget.
872 2281 876 2288 ·

153 2364 233 2424 Sunt
252 2361 311 2423 ista
331 2384 392 2444 per
413 2383 448 2424 se
469 2363 595 2446 gravia:
619 2362 676 2424 sed
698 2361 829 2445 gravius
851 2375 957 2427 temen

152 2460 287 2524 Accedit
307 2462 402 2523 aliud.
446 2464 526 2524 Cum
546 2475 647 2524 ratem
668 2462 783 2544 pelago
805 2482 860 2525 sne
927 2448 931 2455 ¹

152 2566 231 2625 Fert
251 2583 336 2638 aura,
363 2584 493 2625 cursum
518 2581 635 2646 regere
658 2560 833 2623 mediocris
854 2561 939 2628 valet

100 2679 136 2733 σο
154 2665 277 2748 Puppis
299 2666 465 2748 magister:
488 2664 567 2727 artis
587 2662 723 2726 eximiae
746 2676 796 2725 cst
815 2683 907 2746 opus,
963 2709 968 2721 t

153 2769 232 2831 Cum
255 2766 351 2828 dubia
373 2781 486 2830 ventos
509 2765 594 2829 inter
616 2766 757 2829 incertos
778 2763 890 2846 hyems

153 2868 309 2953 Flagellat
331 2867 440 2941 undas,
465 2867 562 2951 vique
584 2865 766 2930 nimborum
788 2864 879 2930 vadis
972 2956 975 2961 Ι

100 3044 107 3062 ἦ
155 2972 354 3032 Commotum
375 2968 415 3030 ab
437 2969 511 3030 imis
531 2968 634 3051 surgit
657 2969 691 3029 in
715 2984 841 3031 montes
861 2991 960 3046 mare,

154 3071 315 3154 Reperire
337 3067 452 3132 ssuctus
473 3088 534 3150 per
555 3070 757 3151 procellosos
778 3070 851 3135 iter.

103 3190 136 3241 65
155 3173 268 3271 Qualis
292 3171 403 3254 fatigat
425 3191 517 3234 saeve
537 3182 710 3252 tempestas
733 3185 805 3235 tuos

156 3277 303 3358 Aegypte
324 3270 417 3345 fines,
439 3291 528 3355 spem
548 3269 600 3333 bis
622 3271 784 3354 agricolae
805 3293 863 3337 suc

208 3570 243 3622 V.
263 3575 304 3624 41.
323 3567 446 3623 sistrum
465 3576 507 3620 cst
525 3583 614 3638 genus
632 3564 816 3621 tintinnabuli
835 3565 864 3621 in
882 3563 1077 3650 secrisjeidis.
