2356 4282
105 468 146 537 78
460 473 668 534 muneraris

170 637 243 701 Sed.
264 637 376 701 Pudor
391 639 715 723 estinultumsugere.
733 638 819 702 Arm.
835 635 1092 708 Sedsiresferat,

170 745 329 822 Necesse3
353 742 470 805 fortem
494 742 632 825 tempori
654 742 754 823 aptari
776 739 879 803 decet.

169 844 243 906 Sed.
265 844 529 928 Morisugaoem?
550 846 636 908 Arm.
653 843 749 928 Fugit
763 841 949 916 hacDavid,
962 841 1061 926 pudet

172 947 271 1030 Sequi
292 947 464 1030 nepotem?
508 948 583 1010 Sed.
609 950 737 1010 Damno
759 946 937 1030 fugientem
958 966 1069 1029 nepos.

119 1057 153 1108 75
173 1049 282 1112 Laudo
306 1051 432 1111 Saulem
457 1052 570 1113 mortis
593 1052 745 1114 invictum
769 1065 864 1113 metu.

169 1152 254 1215 Aras.
279 1155 396 1213 Parum
418 1153 562 1227 interest,
585 1154 702 1217 timore
726 1174 789 1236 quo
813 1152 933 1215 tractus
953 1151 1057 1216 cadas.

170 1257 275 1320 Vitam
298 1256 372 1317 Saul
394 1255 534 1329 timebat,
559 1256 622 1319 hoe
643 1256 745 1318 vietus
767 1269 853 1317 metu
874 1263 934 1317 est.

171 1357 247 1420 Sed.
271 1359 431 1420 Probrum
453 1357 595 1431 timebat,
620 1379 714 1421 nemo
739 1358 957 1442 magnanimus
978 1357 1058 1419 tulit.

176 1462 263 1524 Arm.
288 1459 434 1522 Adversa
458 1460 548 1522 ferre
572 1482 666 1522 nemo
689 1461 910 1544 magnanimus
931 1475 1037 1544 negat.

117 1569 151 1620 80
170 1564 310 1625 imbellis
334 1563 388 1624 ille
412 1578 471 1637 est,
494 1577 608 1645 sponte
630 1563 686 1646 qui
708 1564 802 1626 vitam
824 1562 936 1624 abiicit

168 1670 351 1749 Lucemque
375 1665 473 1728 durae
497 1666 598 1729 sortis
620 1666 789 1749 impatiens
812 1665 905 1748 sugit.

170 1769 352 1831 Sceleratus
376 1768 472 1840 idem,
494 1767 641 1829 carnifex
663 1767 752 1829 dirus
776 1767 838 1839 sui,

169 1875 241 1934 Hoo
266 1871 429 1953 parricida
451 1871 575 1945 tetrior,
605 1890 668 1954 quo
690 1885 724 1933 tu
746 1869 807 1932 tibi
828 1889 863 1930 es

168 1973 327 2056 Proprior
350 1988 494 2054 parente,
520 1973 616 2035 fortis
640 1993 711 2034 esse
733 1972 830 2033 animi
852 1992 931 2034 reor

117 2083 149 2134 85
166 2077 295 2137 Durare
316 2089 426 2136 contra
449 2073 607 2158 quidquid
632 2089 681 2136 est
701 2073 815 2135 durum
837 2074 913 2156 pati.

169 2181 235 2240 Nec
260 2176 378 2238 cedere
401 2191 508 2249 retro,
532 2191 615 2237 stare
639 2199 699 2260 qua
723 2197 861 2237 summus
883 2175 974 2238 iubet

169 2281 310 2342 Statione
332 2279 446 2341 ductor
474 2279 576 2340 laudis
599 2280 661 2342 hoc
682 2300 794 2342 verum
816 2292 864 2338 est
885 2276 996 2340 decus.

167 2381 241 2444 Sed.
264 2380 433 2464 Magnifica
455 2382 565 2455 verba,
589 2397 699 2455 macte,
725 2383 778 2443 cui
800 2386 930 2444 Mavors
953 2382 1033 2443 calet

169 2487 314 2566 Ventoso
337 2485 372 2545 in
393 2505 462 2557 ore,
488 2483 588 2565 friget
608 2483 647 2544 ad
669 2505 807 2566 pugnam
828 2505 950 2544 manus.

117 2605 150 2657 90
166 2587 252 2651 Arm.
271 2587 366 2649 Hosti
379 2586 512 2667 probata
525 2585 655 2647 dextera
668 2599 726 2650 est.
751 2586 827 2649 sea.
840 2583 943 2647 Nobis
960 2584 1063 2669 pedes.

165 2691 251 2755 Arm.
276 2688 419 2751 Ardente
443 2690 581 2769 Solyma,
604 2689 740 2753 vertitur
760 2689 840 2751 vitio
862 2687 967 2772 fuga?

169 2797 284 2856 Totam
305 2792 461 2853 malorum
482 2791 590 2865 Iliada,
612 2806 800 2874 pestemque
821 2805 854 2852 et
873 2791 991 2854 famem

165 2900 348 2957 Memorare
370 2894 459 2976 cogis
483 2891 641 2956 memori?
663 2907 693 2954 at
714 2893 840 2975 ingrato
862 2893 951 2958 iuvat

166 3003 349 3060 Memorare
373 2997 426 3060 vel
449 2995 506 3058 sic.
553 2996 618 3091 Qui
640 2994 741 3078 pedes
764 2994 870 3057 laudas
892 3019 991 3074 meos,

118 3116 150 3167 95
169 3103 280 3184 Equos
302 3097 468 3182 requiris?
490 3097 611 3160 fallitur
632 3099 778 3182 quisquis
800 3114 888 3182 putat

170 3202 316 3282 Solymae
338 3201 488 3279 relictos3
513 3221 623 3263 sessor
644 3200 842 3284 absumptum
864 3201 950 3286 gerit

166 3304 317 3366 inusitato
339 3303 518 3386 aenigmate
542 3303 729 3386 sonipedem
751 3328 851 3366 suum.

164 3407 223 3468 Bis
246 3405 364 3489 Aquilo
386 3407 508 3490 galeam
530 3407 649 3488 sparsit
666 3405 802 3470 hiberna
823 3406 909 3482 nive,

167 3506 343 3590 Glaoieque
367 3508 400 3568 in
421 3530 482 3568 una
505 3510 623 3589 stupuit
644 3508 750 3571 hastili
771 3531 895 3571 manum

98 3620 150 3675 100
168 3611 316 3674 Haerere
339 3610 442 3685 miles,
465 3611 516 3673 bis
538 3611 598 3672 sub
621 3611 740 3674 aestiva
762 3631 841 3674 eane
