2356 4282
457 433 726 496 Sornonraunas.

165 601 270 693 Quem
293 601 432 665 credidit
451 602 603 688 periisse,
629 623 693 664 uon
716 621 767 665 me
790 601 902 666 vivere

164 709 310 778 Tantum,
334 703 392 766 sed
414 705 473 768 alta
497 702 573 768 sede
594 703 774 780 sublimem,
801 704 965 781 inclutum,

111 825 144 879 95
163 805 296 880 Sedere,
319 807 445 891 lateque
468 808 584 890 opibus
607 805 745 891 aggestis
765 806 841 867 frui.

164 909 333 971 Potentiae
354 930 465 971 omnes
488 923 556 971 este
580 907 755 991 participes
776 928 877 970 meae.

163 1011 363 1073 Felicitatem
385 1011 508 1073 referat
529 1025 692 1092 acceptam
714 1007 804 1084 mibi,

164 1113 223 1173 Cui
247 1111 351 1174 debeo
374 1127 488 1187 ortum,
513 1111 621 1174 veniat
642 1125 675 1174 et
696 1110 803 1173 videat
826 1131 945 1197 parens

163 1213 391 1276 Desideratum
413 1213 540 1297 pectori
562 1227 668 1276 natum
692 1235 761 1276 suo.

97 1338 147 1391 100
166 1316 283 1401 Opima
306 1317 422 1379 vestris
443 1338 558 1399 pascua
581 1316 733 1379 armentis
755 1313 847 1391 dabo,

163 1418 351 1503 Herbisque
372 1417 501 1481 Phariis
523 1432 646 1481 crescet
668 1416 750 1479 lsaci
771 1437 880 1501 pecus.

94 1559 96 1563 <
165 1522 267 1609 Quam
290 1535 407 1594 vestra,
430 1515 563 1582 fratres!
588 1521 679 1594 oolla,
701 1542 767 1582 non
786 1519 850 1584 visi
870 1517 950 1581 mihi

166 1629 266 1686 Totos
287 1644 348 1705 per
369 1644 467 1685 annos
489 1624 541 1685 his
561 1623 688 1698 decem,
710 1623 859 1707 amplecti
879 1621 978 1685 tibet:

167 1730 315 1808 Tuasque
339 1724 460 1787 similes
481 1725 650 1787 Beniamin
673 1745 769 1788 cerae
790 1745 896 1787 comas

73 1833 75 1838 ’
101 1822 149 1874 1⁰5
169 1826 375 1909 contingere,
399 1827 613 1910 innexamque
639 1826 761 1890 cervici
781 1847 878 1889 manu

165 1930 312 1988 Haerere
334 1940 485 2012 utraque:
508 1927 625 2013 gaudio
648 1942 775 1990 manant
795 1912 907 2012 genae,
1004 1996 1007 2001 ,

168 2029 351 2114 Hilarisque
372 2027 466 2092 fletus
487 2031 578 2093 vocis
595 2031 731 2094 occlusit
750 2031 844 2094 viam.

165 2133 304 2194 Beatum.
325 2132 428 2206 Salve,
449 2131 599 2194 Rachelis
622 2132 771 2196 dividens
792 2152 917 2194 mecum
939 2152 1050 2217 genas,

168 2237 311 2316 Reperte
333 2233 434 2295 frater
456 2232 535 2295 mihi
557 2252 618 2296 nec
640 2232 763 2316 optanti
784 2231 930 2317 quidem:

103 2343 152 2395 110
169 2339 276 2398 Tuere
300 2356 361 2408 me,
384 2357 521 2418 puerum
542 2336 603 2410 vir,
629 2332 785 2398 afflictum
804 2349 936 2417 potens:

167 2437 263 2530 Quali
287 2439 426 2499 Pharum
449 2438 539 2520 regis
561 2449 639 2510 arte,
663 2456 847 2520 germanum
868 2456 965 2522 rege:

166 2542 208 2601 Et
228 2540 288 2602 hos
311 2540 439 2611 amoris,
464 2559 593 2622 quaeso,
616 2560 680 2600 uon
703 2537 771 2601 ficti
792 2537 917 2602 indices

166 2641 321 2704 Permitte
344 2639 438 2703 fletus
460 2640 544 2703 collo
567 2654 600 2702 ut
622 2638 786 2701 infundam
807 2652 871 2702 tuo.

166 2747 227 2806 los.
249 2744 279 2807 Ο
301 2743 382 2806 mihi
402 2764 563 2828 nunquam
583 2757 708 2824 sperata
731 2740 811 2817 dies,

100 2857 148 2910 115
169 2845 291 2908 Gaudia
312 2867 373 2929 per
395 2859 426 2907 te
448 2866 540 2929 quam
561 2865 673 2929 magna
696 2842 788 2906 fero!

167 2952 305 3011 Bauium.
326 2950 391 3010 Iam
411 2969 461 3010 me
485 2968 545 3010 nec
567 2947 632 3010 iter
650 2947 781 3032 longum
804 2944 933 3009 Sicimis

168 3053 303 3116 Ventum
327 3049 452 3111 adniti
476 3050 620 3132 poenitet
641 3051 751 3124 urbes,

166 3154 235 3216 Nec
256 3173 445 3236 percussum
471 3150 607 3213 crimine
629 3149 712 3213 falso

168 3256 283 3320 Vincla
309 3252 443 3316 innocua
466 3253 605 3336 gessisse
625 3274 729 3313 manu.

101 3363 229 3425 120100.
252 3359 402 3420 Fratrum
422 3356 456 3417 in
475 3370 508 3418 te
530 3355 653 3417 animus
674 3352 754 3415 mihi
775 3373 842 3416 uon
862 3365 954 3416 certo

240 3622 276 3676 V.
297 3626 354 3677 111.
391 3620 448 3698 Qui
462 3630 627 3695 sequuntur
642 3634 744 3676 versus
760 3625 828 3673 sunt
844 3600 1025 3690 anapaestici.

799 3703 887 3776 15**
