2356 4282
428 463 589 527 Cuaurus
608 463 763 533 Parmae.

64 628 113 683 tto
132 627 213 693 Mihi
237 645 268 694 te
289 633 427 716 populus
449 647 521 695 nate
543 632 700 699 remittit?

134 735 246 796 Talem
269 734 395 816 Solymo
419 751 565 819 spectare
585 735 684 813 iubet,

134 836 262 917 Solyme
285 837 378 900 cordi
401 838 517 903 dilecta
539 838 617 903 tuo?

131 938 237 1004 Video
257 939 380 1002 fossum
404 961 556 1007 mucrone
578 942 670 1015 latua,

131 1042 172 1102 Et
192 1042 341 1106 traiectas
362 1043 497 1106 vulnere
518 1044 648 1126 palmas,

62 1142 112 1198 165
132 1144 176 1205 Et
198 1144 254 1227 qui
274 1143 366 1206 ferro
386 1158 519 1227 patuere
541 1143 652 1226 pedes.

129 1245 245 1307 Melius
266 1247 380 1308 melius
402 1246 533 1309 Phoebe
556 1248 696 1309 latebas:

130 1346 219 1443 Quid
239 1347 278 1410 ad
301 1349 381 1414 haec
401 1348 495 1411 nobis
516 1346 720 1410 monstranda
741 1342 852 1415 redis?

131 1448 219 1508 Gens
243 1447 388 1510 aetherei
410 1448 539 1511 conscia
560 1461 673 1523 motus,

130 1551 262 1632 Vosque
287 1549 444 1632 inprimis,
468 1571 604 1633 quorum
624 1549 728 1632 pietas

60 1659 113 1712 170
132 1654 245 1713 Partus
267 1651 345 1715 olim
366 1666 515 1715 venerata
535 1672 635 1727 meos,

130 1752 223 1815 Coeli
243 1752 389 1819 inversas
411 1753 534 1817 cernite
557 1754 666 1838 legest

130 1855 222 1916 Illum
243 1874 367 1929 mecum
388 1855 508 1938 lugete,
529 1856 626 1940 magi,

130 1957 235 2052 Quem
255 1957 392 2040 signavit
411 1979 492 2023 nova
514 1959 569 2021 lux
591 1959 743 2044 gentium,

129 2061 296 2122 Tenebrae
316 2058 459 2123 occisum
483 2059 622 2127 docuere
645 2081 757 2124 novae.

61 2172 113 2226 175
133 2163 214 2244 Spes
235 2158 373 2225 afflictae
396 2162 463 2225 sela
484 2161 639 2244 parentis,

129 2265 202 2360 Quo
225 2285 290 2325 non
309 2263 415 2346 piguit
433 2263 543 2326 vivere
565 2262 649 2339 vivo,

129 2366 230 2428 Nobis
252 2365 351 2429 rediit
371 2365 467 2430 modo
490 2380 579 2449 rapta
602 2365 683 2439 dies,
719 2394 721 2399 ·

128 2472 174 2530 Te
200 2467 381 2537 demersum
403 2489 465 2539 uox
487 2469 548 2530 alta
568 2465 698 2549 premit·

129 2570 255 2634 Utinam
274 2570 429 2653 planctus,
456 2569 576 2631 utinam
597 2583 688 2632 notas

60 2687 112 2741 180
129 2673 240 2737 Matris
260 2672 430 2737 lachrimas
452 2685 524 2735 nate
547 2669 693 2734 videres!

129 2778 201 2858 Ego
223 2795 292 2835 sum
314 2772 458 2836 thalamis
481 2772 594 2837 intacta
615 2793 744 2855 parens,
787 2800 790 2807 *

131 2878 221 2974 Quae
244 2890 277 2938 te
299 2875 400 2939 verbo
423 2873 583 2939 foecunda
603 2874 672 2950 tuli,

130 2981 220 3042 Onus
242 2979 395 3060 ignotum,
422 2997 495 3039 eum
520 2975 662 3058 virginei

129 3082 287 3163 Stupuere
305 3080 410 3154 rinus,
431 3077 572 3162 mirique
595 3097 712 3141 novem

60 3189 113 3244 185
134 3186 275 3247 Crevere
297 3196 351 3243 tuo
373 3179 518 3263 pondere
539 3200 678 3243 menses.

130 3291 201 3372 Ego
221 3306 303 3361 sum,
325 3283 416 3357 euius
437 3283 499 3347 iam
520 3297 644 3349 maturo

132 3392 254 3456 ventre
277 3388 406 3460 iabores
426 3385 495 3448 lara
517 3388 576 3451 sub
598 3387 687 3451 tenui

130 3492 233 3576 Regia
255 3490 369 3573 proavi
389 3488 492 3572 patria
513 3488 605 3553 vidit.

130 3597 206 3659 Hoc
228 3589 404 3659 tibissurt't
425 3589 576 3669 deferte
595 3591 706 3678 liquor
714 3613 743 3674 3:
793 3660 796 3667 ¹
863 3662 866 3669 ¹
