2356 4282
98 392 164 463 234
501 394 626 467 Gnouu

164 564 265 625 Notus
286 561 320 624 in
342 563 401 626 hos
421 584 473 626 me
495 565 648 648 compulit
670 578 766 628 astus.

165 664 271 727 Doleo
292 663 362 743 tibi,
389 664 476 749 quod
498 667 588 742 mala,
614 667 765 753 quodque
787 678 906 731 metum

165 766 252 829 Tulit
274 766 403 829 illorum
426 781 565 852 spectata
587 766 676 832 fides.

166 872 306 933 Bauium.
328 873 478 954 Magnum
498 883 556 946 est,
582 869 700 934 fratres
721 892 877 959 purgasse
902 893 994 936 suot.

99 973 232 1033 1251st0
254 970 362 1051 pretio
386 970 465 1033 mihi
486 987 600 1034 cuncta
620 973 757 1055 placent.

165 1075 227 1134 loe.
251 1075 317 1134 lam
339 1072 403 1135 vita
424 1072 505 1139 mihi
526 1072 663 1148 dulcior,
686 1096 726 1136 ex
749 1096 812 1160 quo

165 1177 297 1237 Fratres
316 1173 408 1236 licuit
429 1175 580 1257 reperire
602 1176 684 1261 pios.

165 1280 237 1339 Non
259 1276 314 1337 illa
337 1275 417 1337 mihi
434 1291 498 1338 tam
521 1276 603 1339 laeta
625 1277 695 1340 dies

167 1379 240 1475 Quo
265 1377 395 1452 deserui
418 1380 559 1443 carceris
581 1380 737 1457 umbram,

99 1494 150 1547 130
168 1483 241 1579 Quo
262 1501 314 1555 me
336 1494 461 1567 patrem
484 1501 543 1543 rex
564 1481 635 1565 ipse
658 1503 749 1547 suum

168 1580 392 1667 Memphisque
415 1580 510 1644 simul
532 1597 596 1645 tota
619 1585 757 1650 vocavit.

165 1689 305 1750 Beatam.
328 1688 418 1747 Bona
437 1702 510 1761 oum
532 1701 643 1775 specto
663 1701 726 1763 tua,
748 1689 793 1751 mi
815 1688 930 1772 irater,

167 1788 278 1851 Sentio
300 1788 403 1861 laetos
422 1802 556 1872 pectore
580 1802 693 1857 motus.

166 1893 229 1956 loe.
250 1895 322 1954 Mea
340 1909 421 1974 qnae
443 1889 561 1964 cernis,
587 1903 640 1952 tua
662 1907 746 1970 aunt,
771 1893 885 1958 frater.

100 2006 150 2060 135
168 1997 307 2058 reniam.
331 1992 422 2054 Haec
445 2012 540 2077 quam
561 2007 673 2073 noster
693 1994 830 2078 gaudeat
850 2017 915 2060 una

169 2099 325 2183 §pectere
348 2093 464 2179 senex!

166 2204 230 2265 Ios.
251 2198 382 2273 Veniet,
403 2197 529 2269 veniet:
551 2218 611 2263 nec
633 2201 728 2285 longa
749 2221 839 2266 mora
862 2211 921 2263 est.

168 2302 259 2366 Ibitis
281 2302 358 2365 illue
379 2320 451 2362 cum
472 2299 641 2389 magnifica

169 2404 261 2468 Missi
279 2421 405 2486 pompa,
432 2401 522 2465 (lueis
541 2404 661 2466 excelsi

102 2520 151 2574 110
172 2509 263 2605 Quae
286 2507 410 2590 legatos
432 2503 615 2593 fratresque
638 2505 743 2569 decet.

170 2608 236 2672 Sed
256 2607 308 2669 his
330 2605 462 2674 fruendi
483 2605 608 2691 gaudiis
630 2607 761 2692 longum
784 2606 858 2669 satis

170 2717 312 2794 Tempus
334 2722 505 2795 sequetur3
526 2706 606 2774 hora
627 2729 712 2779 nune
734 2729 804 2775 mea
825 2728 877 2771 me
899 2721 1008 2785 vocat,

169 2813 240 2909 Qua
264 2812 353 2875 soleo
376 2810 449 2897 regi
466 2809 578 2874 dicere
600 2808 696 2873 affatu
716 2809 812 2875 brevi

170 2919 260 3014 Quae
281 2913 379 3001 digna
400 2911 479 2977 sciri
500 2933 645 2999 quaeque
667 2912 807 2996 portavit
826 2911 907 2973 dies.

103 3033 152 3087 145
170 3017 303 3092 Adeste,
326 3030 471 3080 nostrum
493 3036 572 3099 quos
593 3028 676 3079 amat
697 3012 943 3081 contestatus.

409 3213 509 3264 Iudas.
545 3211 652 3265 Ruben.
696 3210 854 3263 Beniamin.

169 3361 241 3423 Iud.
262 3359 449 3455 Quanquam
470 3377 584 3420 carere
607 3379 657 3419 me
679 3356 792 3418 iubent
813 3353 900 3417 omni
923 3369 1016 3418 metu

170 3462 276 3524 Pietas
297 3459 431 3545 benigni
453 3459 564 3522 fratris
585 3474 617 3522 et
640 3472 786 3521 constans
808 3456 907 3518 fides:

172 3567 294 3635 Tamen
315 3561 498 3624 innocentis
519 3562 624 3626 vultus
647 3560 717 3645 ipse
739 3559 840 3637 hahiti
862 3556 956 3634 male,
