2356 4282
507 469 676 534 Senectus.

129 638 275 703 Ulterius
296 641 418 715 Erebo,
442 642 568 705 Tartari
590 641 630 702 ad
650 640 747 704 finem
767 640 915 706 ultimum

130 741 233 806 Viros
256 740 402 805 videntes
423 764 532 819 ruere,
554 763 615 805 nee
638 742 762 805 dubitet
780 744 874 827 prior
949 750 972 771 ’·

128 842 274 904 Trahere
298 842 494 927 sequentem.
522 843 607 908 Risit
627 843 797 928 indignans
818 846 919 908 mines

130 944 267 1006 Amarus
288 945 401 1020 hostis,
422 947 576 1009 luminum
599 963 631 1010 et
653 948 796 1030 geminas
818 947 906 1010 feces

55 1055 110 1108 210
132 1049 243 1130 Capite
263 1050 379 1113 revelli
402 1070 480 1113 vose
501 1052 638 1114 violenta
660 1052 806 1134 imperet.

129 1151 221 1213 Ultro
242 1150 406 1214 ministros
427 1167 538 1215 noster
560 1154 666 1216 irritat
687 1153 835 1236 probris:
881 1176 884 1185 ·

130 1251 253 1314 Adeste
277 1252 424 1333 barbari3
448 1253 555 1317 adeste
579 1255 621 1336 (si
645 1255 794 1318 convicio

129 1352 273 1416 Eruenda
293 1375 382 1416 mors
403 1357 466 1435 est)
489 1356 625 1431 belluae,
647 1371 741 1441 atque
762 1356 813 1418 bis
835 1355 944 1419 addite

130 1454 312 1518 Funeribus
335 1476 450 1537 unum3
473 1458 602 1521 facitis?
623 1473 656 1520 et
675 1478 812 1541 puerum
832 1479 930 1531 neces

54 1573 110 1627 215
132 1556 266 1619 Audetis
286 1559 391 1620 ultra?
413 1559 531 1635 adeste,
556 1575 589 1623 et
610 1560 749 1623 invisum
771 1559 857 1623 diem

130 1660 242 1721 Eruite
249 1680 259 1738 3
283 1676 375 1743 parte
398 1662 519 1724 moriar
541 1662 601 1725 hac
623 1662 733 1725 saltem
754 1662 829 1734 mei,

131 1761 221 1858 Quae
244 1774 290 1823 tot
312 1782 443 1825 suorum
466 1764 581 1826 sunere
602 1763 748 1847 implevit
768 1777 903 1846 patrem.

128 1866 232 1925 Unum
254 1864 349 1939 oculi,
376 1879 408 1927 et
428 1864 517 1928 ittud'
530 1887 601 1928 esse
622 1881 820 1948 postremum
842 1868 928 1942 volo,

131 1966 231 2027 Torri
253 1980 421 2046 tyrannum
442 1968 585 2052 aspicite,
608 1981 642 2029 et
663 1969 812 2051 obliquos
834 1968 909 2030 meli
959 1991 963 1997 ·

55 2080 110 2132 220
130 2067 274 2151 Hirquos
296 2082 417 2148 rotate3
442 2069 571 2131 barbari
596 2073 702 2134 vultus
722 2084 812 2132 notas

131 2168 314 2254 Odiumque
336 2171 437 2232 menti
458 2169 548 2255 figite
571 2187 735 2234 aeternum
755 2192 856 2235 meae.

129 2276 197 2334 Nee
216 2274 308 2356 plura
331 2273 425 2347 fatus,
446 2274 596 2356 praebuit
617 2273 743 2337 firmum
764 2288 858 2357 eaput

128 2376 182 2437 Ad
203 2373 374 2462 utrumque
397 2380 526 2457 vulnus3
552 2381 648 2442 lictor
668 2380 744 2441 hine
766 2379 856 2440 illine
874 2399 1027 2463 premens

128 2481 274 2562 Unguem
297 2480 355 2542 sub
377 2481 467 2564 ipsos
490 2482 617 2544 orbium
643 2481 761 2544 infodit
784 2502 909 2563 specus,

56 2596 110 2648 225
131 2580 316 2665 Oeulosque
339 2582 378 2643 ab
397 2584 463 2644 ima
485 2583 628 2645 funditus
651 2583 728 2646 sede
752 2583 873 2645 extudit
906 2629 908 2632 .
1010 2611 1013 2615 ·

129 2686 209 2744 Tum
233 2704 360 2767 quoque
382 2683 521 2746 feroces.
547 2687 670 2748 Perstat
692 2684 864 2746 indomitus
886 2684 995 2748 furor:

129 2785 296 2869 Vacuique
319 2784 423 2848 vultus
444 2787 520 2869 igne
541 2788 722 2849 truculento
745 2785 873 2847 micent.

129 2886 256 2951 Vinelis
280 2887 399 2950 solutus
421 2888 511 2949 vellit
530 2887 701 2950 haerentes
725 2887 816 2971 genis

129 2986 253 3063 Fibras,
281 3001 313 3049 et
334 2989 394 3049 alta
416 2989 487 3051 luce
509 2991 680 3073 vestigans*
694 2989 780 3051 diem

56 3090 111 3143 230
131 3088 256 3152 Gaudet
279 3090 437 3152 tenebris:
461 3092 615 3174 sanguine
636 3093 781 3174 implevit
802 3113 927 3156 manum
1002 3108 1005 3115 '

128 3191 282 3275 Taboque
303 3193 365 3254 late
388 3192 494 3276 regias
516 3213 671 3276 spargens
694 3193 791 3277 dapes

130 3299 235 3378 Ipsum
259 3310 290 3357 et
311 3309 487 3376 tyrannum.
512 3294 608 3388 Quod
628 3295 701 3370 tibi,
724 3297 750 3357 si
772 3318 832 3380 qua
854 3296 888 3358 id
908 3310 1013 3360 tamen

132 3398 252 3459 Iustitia
274 3398 364 3459 eaelo
386 3412 487 3472 curet,
509 3398 560 3460 his
583 3397 714 3482 dignum
734 3399 824 3461 Deus

129 3497 236 3562 Factis
258 3510 410 3583 reponat3
432 3521 545 3563 caecus
566 3501 646 3562 bane
669 3522 763 3562 unam
785 3501 882 3564 velim

56 3595 111 3651 235
130 3602 287 3686 Aspicere
309 3603 424 3666 lucem.
467 3605 559 3671 Ultor.
580 3602 675 3668 Siluit
698 3618 730 3666 et
750 3604 870 3667 sensim
893 3602 958 3666 sibi
