2356 4282
489 485 657 549 Suuucrus.

113 659 209 721 Ultor.
231 656 297 750 Qui
316 656 365 720 sic
386 671 521 740 repente
543 655 624 719 fixus
644 658 758 720 obtutu
778 655 852 720 silet

112 763 218 825 Senex
239 761 274 822 in
295 760 382 824 uno‘l
402 775 486 824 totus
508 761 670 825 horrescit
691 761 803 835 comis,

114 865 327 948 Animamque
345 879 458 948 peetus
478 865 533 928 vix
551 864 751 927 anhelantem
771 863 867 946 oepit.

112 965 209 1028 Haud
229 965 326 1028 dubia
345 966 425 1029 vatis
447 968 537 1050 signu
558 967 621 1028 iam
642 967 731 1050 pleni
752 967 836 1028 Deo.

63 1076 95 1130 30
112 1072 170 1131 leri
194 1067 281 1166 Quid
302 1089 352 1131 ms
378 1068 491 1131 lurore
513 1070 653 1132 concitas
675 1069 791 1130 iterum
812 1086 914 1142 saoro,

112 1173 254 1233 Aeterne
277 1171 415 1254 genitor,
441 1172 558 1233 mantis
579 1172 718 1233 alienum
738 1191 839 1244 meae,

113 1277 201 1335 Tuae
225 1273 394 1356 ospacem‘l
417 1275 518 1369 Quae,
545 1274 662 1357 quibus
683 1287 771 1337 rates
793 1271 925 1336 canam?

113 1375 205 1471 Quae
227 1375 291 1438 lata
311 1375 455 1438 restant?
478 1375 599 1458 aliquid
621 1390 778 1437 extremas
800 1388 909 1459 potest

112 1477 201 1537 Ultra
222 1495 292 1538 esse
314 1475 465 1552 flammas,
490 1496 550 1539 nec
571 1477 647 1538 satis
670 1478 815 1558 Solymae
839 1475 967 1541 iacent‘l

61 1589 96 1646 35
114 1580 242 1641 Utinam
263 1578 460 1642 occidissent
481 1593 575 1654 totae,
601 1594 633 1642 et
655 1579 719 1640 hoo
741 1579 852 1640 saltem
875 1577 990 1643 darent

113 1683 193 1744 Fata
213 1682 247 1742 in
266 1681 424 1764 supremis
444 1683 573 1744 unicum
595 1681 756 1745 aerumnis
779 1680 909 1756 honum,

113 1781 204 1843 Nihil
225 1783 351 1846 timere.
376 1784 451 1845 Sola
471 1783 675 1846 metuendum
698 1782 779 1844 mihi

113 1884 232 1946 Facitis
254 1899 422 1965 tyrannum
444 1906 540 1968 parva
563 1900 708 1948 notorum
731 1884 849 1948 cohors

114 1986 206 2068 Capti
226 1988 378 2068 parentis.
403 1991 471 2050 Pro
491 1987 584 2049 lerax
604 1989 763 2049 scelerum
786 1985 874 2049 diesi

61 2099 97 2152 to
117 2087 148 2150 Ο
171 2111 293 2174 magno⁴
308 2095 428 2153 Reotor
451 2091 528 2174 quid
550 2092 625 2155 novi
646 2091 783 2154 monstri
807 2089 958 2157 obiioisl‘

116 2192 210 2255 Ultor.
231 2193 352 2255 dvorte
374 2193 408 2254 in
429 2193 538 2255 hostes
561 2214 655 2256 omen
677 2192 859 2268 infaustum,
885 2215 904 2254 o
919 2193 1020 2255 Deus.

114 2297 173 2356 ler.
194 2292 284 2356 Nihil
305 2294 494 2368 ominamur,
516 2295 647 2378 providi
669 2309 703 2357 ut
724 2311 813 2359 vates
837 2296 952 2369 solent,

116 2396 204 2458 Olim
227 2395 387 2458 futurum:
410 2396 505 2459 video
527 2412 560 2460 et
581 2398 736 2460 intersum
758 2398 862 2460 malia.

114 2500 280 2562 Geruntur
301 2499 406 2578 iutua3
430 2513 497 2561 tota
518 2519 572 2561 res
594 2500 666 2561 luoe
688 2515 722 2562 et
741 2501 844 2583 palam
865 2514 923 2562 ost.

61 2612 95 2664 45
112 2604 164 2662 En
186 2601 242 2662 ille
264 2599 424 2683 Superum
445 2616 564 2663 temtor
585 2615 617 2662 et
637 2599 725 2663 bello
747 2602 890 2663 insolens

112 2701 419 2778 Nabuchodonosor,
445 2704 545 2787 Regis
567 2704 697 2767 exuvias
719 2704 783 2764 mei

112 2804 284 2890 Daridque
306 2805 346 2866 ab
367 2806 429 2867 alto
450 2828 625 2890 purpuram
645 2819 781 2869 ostentat
800 2821 884 2868 toro.

111 2910 269 2972 Frontem
289 2908 388 2971 tiaras
408 2923 528 2983 noster,
552 2925 584 2974 et
606 2931 715 2972 sacrae
738 2929 859 2973 comum

114 3010 254 3072 Cinxere
274 3011 389 3074 vittaet
412 3013 558 3094 geminus
579 3012 656 3074 hinc
678 3013 768 3074 illino
790 3010 906 3072 dueum

61 3123 96 3176 50
113 3112 286 3174 Discubuit
307 3113 405 3177 ordo:
430 3114 533 3195 spolia
555 3115 758 3196 solymorum
779 3113 898 3174 micant

114 3216 159 3276 Et
180 3215 236 3276 hio
257 3229 291 3278 et
311 3215 397 3295 illio;
422 3215 491 3298 ipsa
515 3236 595 3299 quae
617 3215 712 3298 pictis
735 3225 886 3298 premunt

117 3315 239 3378 Aulaeo
261 3315 366 3391 lectis,
387 3331 499 3379 nostra
519 3315 665 3378 distinxit
685 3336 813 3396 manus;

115 3419 161 3478 Et
182 3438 262 3500 quae
284 3419 434 3501 superbis
455 3417 517 3481 fixa
539 3419 658 3502 regalis
681 3417 794 3479 domus

115 3520 300 3582 Parietibus
320 3521 465 3597 haerent,
490 3535 631 3584 monstra
653 3519 764 3583 calcati
786 3519 894 3596 maris,

62 3628 312 3713 thidersosqus
333 3645 459 3703 porrus,
479 3625 576 3703 hello,
597 3640 769 3708 mystarum
788 3625 881 3780 pupas
