2356 4282
98 466 160 536 190
497 466 616 530 Gsorn

99 640 148 694 190
166 639 239 699 Hoc
261 636 373 701 sedisti
396 639 519 701 sarcina
541 640 624 703 collo

165 741 342 803 Pelusiacis
367 741 487 805 advena
508 744 629 827 regnis,

165 843 288 905 Pharos
310 845 415 906 exiliis
437 866 507 906 curn
528 842 590 906 fida
612 841 675 906 tuis

113 968 116 974 ’
166 945 294 1010 Veteris
318 947 428 1028 culpae
450 946 571 1029 probra
593 941 739 1007 redemit.

165 1045 259 1108 Iudae
282 1046 410 1109 soboles
430 1047 616 1131 Memphide
637 1046 744 1129 peior,

98 1155 146 1207 105
167 1149 201 1209 Si
223 1148 285 1209 iam
307 1147 404 1211 finem
424 1151 512 1232 cepit
531 1150 651 1223 rabies,

165 1252 206 1311 Et
226 1265 269 1322 te,
290 1252 394 1313 nostri
416 1252 573 1314 miserere
595 1264 712 1336 potest,

165 1355 292 1436 Longas
311 1353 425 1415 mortis
446 1353 525 1413 mihi
549 1352 641 1415 deme
664 1369 789 1412 mores:

165 1457 230 1516 Aut
250 1455 279 1516 si
299 1470 390 1518 natus
413 1455 552 1518 nondum
577 1455 650 1516 satis
673 1468 732 1528 est,

166 1555 282 1618 Adiice
304 1572 446 1619 matrem.

98 1670 148 1723 200
168 1659 197 1720 Ο
220 1674 292 1721 nate
314 1674 395 1736 nate,
422 1660 574 1745 quicquid
596 1661 651 1723 hic
672 1660 757 1724 oculi
778 1657 900 1733 vident,

166 1764 238 1822 Hoc
260 1761 345 1845 quod
366 1762 531 1846 pependit,
554 1762 640 1848 quod
653 1746 744 1825 ¹mori
764 1759 878 1843 potuit,
901 1778 1008 1820 meum
1026 1766 1070 1827 est,

165 1868 336 1946 Meumque
359 1878 475 1926 totum:
497 1866 602 1926 nullus
622 1865 656 1926 in
677 1878 801 1948 partem
822 1861 914 1926 venit

167 1965 313 2040 Genitor,
335 1987 395 2028 nec
416 1966 495 2029 alter
516 1967 659 2031 vindicat
682 1966 851 2051 quicquam
871 1962 931 2024 tui.

166 2070 255 2152 Ergo
279 2068 382 2130 omnis
403 2069 461 2130 uni
482 2069 609 2153 pectori
629 2067 787 2131 incumbit
808 2065 914 2140 dolor,

100 2173 150 2226 205
169 2169 265 2267 Quod
285 2184 317 2233 te
339 2172 415 2233 aluit
439 2187 471 2234 et
492 2187 523 2234 te
546 2172 655 2258 gessit.
677 2174 821 2263 Ingratos
844 2168 930 2231 bona

166 2273 311 2337 Nescivit
332 2273 432 2349 orbis,
455 2274 567 2336 damno
588 2294 649 2336 nec
671 2273 766 2336 sentit
788 2293 853 2334 sna.

166 2378 261 2458 lnops
285 2389 317 2437 et
337 2375 524 2438 indefensus
547 2375 656 2439 obiisti
678 2394 800 2448 necem,

167 2479 209 2538 Et
230 2496 313 2538 nunc
335 2478 421 2539 iaces
443 2478 581 2558 inultns3
606 2498 646 2539 ex
667 2476 731 2538 illis
753 2494 892 2559 quoque,

167 2581 213 2640 Te
235 2578 328 2642 dante
351 2601 480 2663 gressus
504 2580 558 2663 qui
580 2591 776 2661 receperunt
797 2596 883 2652 suos,

99 2686 150 2739 210
167 2683 270 2743 Nemo
292 2682 488 2744 occucurrit:
512 2681 582 2764 ipsa
604 2700 664 2742 nec
683 2678 778 2742 turba
800 2696 919 2739 aureae

167 2785 279 2867 Ignara
299 2784 381 2845 lucis
404 2797 474 2845 ante
496 2795 658 2845 contectus
679 2795 750 2844 tuos
772 2768 775 2775 ⁴
812 2768 815 2773 ¹

165 2884 218 2946 Ad
240 2899 271 2948 te
292 2885 465 2949 videndum
485 2885 590 2948 venit:
616 2899 708 2968 atque
731 2880 845 2967 aliquis
866 2873 920 2943 cui

165 2989 231 3048 Per
253 3001 284 3050 te
305 2986 424 3049 redivit
444 2987 508 3049 vita
529 3001 560 3050 te
580 2987 699 3070 patitur
717 2983 812 3047 mori.

166 3091 231 3151 100.
253 3092 339 3155 Vera
359 3089 420 3151 ists
442 3088 600 3172 quereris,
620 3072 716 3167 νεὼς
742 3074 891 3150 0000000
912 3083 1033 3148 cohors

99 3197 150 3250 215
167 3192 278 3253 Electa
299 3190 417 3254 mundo
440 3189 499 3252 filii
521 3191 655 3253 comites
677 3172 724 3253 t'ui

165 3296 216 3355 En
238 3292 333 3368 unde,
357 3315 420 3378 quo
444 3289 647 3358 decidimus?
667 3276 704 3352 in
723 3288 819 3354 nobis
841 3289 947 3352 scelus
992 3332 995 3337 -

166 3396 271 3460 Omne
294 3410 343 3458 est
364 3410 548 3479 repertum3
569 3408 682 3458 noster
703 3408 752 3456 est
774 3392 830 3477 qni
849 3391 1010 3468 vendidit,

165 3499 208 3560 Et
229 3497 284 3582 qui
306 3497 458 3560 eieravit:
482 3517 543 3559 nec
565 3481 638 3560 nota
660 3495 826 3581 quisquam
850 3507 963 3558 vacat:

165 3598 293 3684 Fugere
316 3597 432 3662 cuncti.
456 3599 582 3662 Doctor
603 3618 624 3662 o
646 3598 718 3666 veri
740 3584 864 3672 unice,
